{"results":{"count":203,"facets":[{"name":"brand","items":[{"item":"COOP","count":43,"selected":false},{"item":"Änglamark","count":29,"selected":false},{"item":"Andreas Uppgård","count":2,"selected":false},{"item":"EAGLOBE","count":1,"selected":false},{"item":"Xtra","count":1,"selected":false}]},{"name":"environmentalLabels","items":[{"item":"Ekologiskt","count":33,"selected":false},{"item":"KRAV","count":30,"selected":false},{"item":"Nyckelhålet","count":13,"selected":false},{"item":"Svenskt ursprung","count":5,"selected":false},{"item":"Lokalt","count":2,"selected":false}]}],"items":[{"id":"2339401100001","type":"Product","ean":"2339401100001","name":"Banan Styck Eko","description":"Bananer styck. Produkten varierar något i storlek och vikt. När du handlar hos oss visar vi en uppskattad vikt för varan och ett pris baserat på kilopriset. Ni debiteras efter vi plockat ihop era varor den verkliga vikten.<br> Vi garanterar att du alltid betalar för varans verkliga vikt.","imageUrl":"http://res.cloudinary.com/coopsverige/image/upload/v1634224873/cloud/224529.tiff","navCategories":[{"code":"32490","name":"Banan","superCategories":[{"code":"32484","name":"Frukt & bär","superCategories":[{"code":"16534","name":"Frukt & Grönsaker","superCategories":[]}]}]}],"accreditedTags":[{"code":"EU_ORGANIC_FARMING","description":"EU Ekologiskt jordbruk","imageUrl":"https://res.cloudinary.com/coopsverige/image/upload/cooponline/produktmarkning/EUOrganicFarmingLogo.jpg","priority":210}],"packageSize":200.0,"packageSizeInformation":"200 gram ungefärlig vikt","packageSizeUnit":"gram ungefärlig vikt","pieceWeight":0.2,"salesPrice":27.95,"salesPriceData":{"b2cPrice":27.95,"b2bPrice":24.96},"piecePrice":5.59,"piecePriceData":{"b2cPrice":5.59,"b2bPrice":4.99},"promotionPrice":5.0,"promotionPriceData":{"b2cPrice":5.0,"b2bPrice":4.46},"salesUnit":"Vikt","comparativePriceText":"kr/kg","comparativePrice":27.95,"comparativePriceData":{"b2cPrice":27.95,"b2bPrice":24.96},"articleSold":false,"deposit":0.0,"depositData":{"b2cPrice":0.0,"b2bPrice":0.0},"vat":{"code":"vat-full-2","value":12.0,"type":"Percentage"},"animalFoodData":{},"onlinePromotions":[{"id":"016001_135679","price":25.0,"priceData":{"b2cPrice":25.0,"b2bPrice":22.32},"piecePrice":5.0,"piecePriceData":{"b2cPrice":5.0,"b2bPrice":4.46},"startDate":"2025-07-06T22:00:00Z","endDate":"2025-07-13T22:00:00Z","message":"Banan Styck Eko-25:- /kg","type":"FIXED_PRICE","medMeraRequired":false,"priority":930,"comparativePrice":{"b2cPrice":25.0,"b2bPrice":22.32},"higherThanHistoricalPrice":false}],"fromSweden":false,"availableOnline":true,"isMagazine":false,"nutrientBasis":{},"originCountry":{"code":"ECUADOR","value":"Ecuador"},"replacementCountries":[{"code":"DOMINCAN REPUBL","value":"Dominikanska Republiken"}],"class":"Klass 1","pharmaceuticalData":{"isPharmaceutical":false},"sustainabilityInfo":[{"productScore":[{"score":1.0,"param":"Biologisk mångfald","paramId":"biodiversity"},{"score":2.0,"param":"Klimat","paramId":"climate"},{"score":1.0,"param":"Bördighet","paramId":"soil_fertility"},{"score":2.0,"param":"Vatten","paramId":"water"},{"score":1.0,"param":"Bekämpningsmedel","paramId":"pesticides"},{"score":1.0,"param":"Övergödning","paramId":"eutrophication"},{"score":null,"param":"Djuromsorg och antibiotika","paramId":"animal_welfare_antibiotics"},{"score":5.0,"param":"Arbetsförhållanden","paramId":"working_conditions"},{"score":5.0,"param":"Lokalbefolkning","paramId":"local_population"},{"score":1.0,"param":"Lagefterlevnad och spårbarhet","paramId":"compliance_traceability"}]}],"sustainabilityInfoApplicable":true},{"id":"7300156587718","type":"Product","ean":"7300156587718","name":"Gurka Styck","imageUrl":"http://res.cloudinary.com/coopsverige/image/upload/v1645594695/cloud/199912.tiff","navCategories":[{"code":"334456","name":"Gurka","superCategories":[{"code":"32361","name":"Grönsaker","superCategories":[{"code":"16534","name":"Frukt & Grönsaker","superCategories":[]}]}]}],"packageSizeInformation":"300 g","packageSizeUnit":"Gram","salesPrice":16.95,"salesPriceData":{"b2cPrice":16.95,"b2bPrice":15.13},"piecePrice":16.95,"piecePriceData":{"b2cPrice":16.95,"b2bPrice":15.13},"salesUnit":"Styck","comparativePriceText":"kr/kg","comparativePrice":60.54,"comparativePriceData":{"b2cPrice":60.54,"b2bPrice":54.05},"articleSold":false,"deposit":0.0,"depositData":{"b2cPrice":0.0,"b2bPrice":0.0},"vat":{"code":"vat-full-2","value":12.0,"type":"Percentage"},"animalFoodData":{},"onlinePromotions":[{"id":"016001_35076","price":20.0,"priceData":{"b2cPrice":20.0,"b2bPrice":17.86},"startDate":"2025-07-06T22:00:00Z","endDate":"2025-07-13T22:00:00Z","message":"Medlemspris-GURKA 2 FÖR 20 KR-2 för 20:-","type":"MULTI_BUY_FIXED_PRICE","numberOfProductRequired":2,"medMeraRequired":true,"priority":910,"comparativePrice":{"b2cPrice":35.72,"b2bPrice":31.89},"higherThanHistoricalPrice":false}],"fromSweden":false,"availableOnline":true,"countryOfOriginCodes":[{"code":"752","value":"Sverige"}],"isMagazine":false,"nutrientBasis":{},"originCountry":{"code":"SWEDEN","value":"Sverige"},"replacementCountries":[],"class":"Klass 1","pharmaceuticalData":{"isPharmaceutical":false},"sustainabilityInfoApplicable":true},{"id":"2317466600001","type":"Product","ean":"2317466600001","name":"Gul Lök","description":"Produkten varierar något i storlek och vikt. När du handlar hos oss visar vi en uppskattad vikt för varan och ett pris baserat på kilopriset. Ni debiteras efter vi plockat ihop era varor den verkliga vikten.<br> Vi garanterar att du alltid betalar för varans verkliga vikt.","imageUrl":"http://res.cloudinary.com/coopsverige/image/upload/v1440063196/49691.tiff","navCategories":[{"code":"334459","name":"Lök","superCategories":[{"code":"32361","name":"Grönsaker","superCategories":[{"code":"16534","name":"Frukt & Grönsaker","superCategories":[]}]}]}],"packageSize":195.0,"packageSizeInformation":"195 gram ungefärlig vikt","packageSizeUnit":"gram ungefärlig vikt","pieceWeight":0.195,"salesPrice":13.95,"salesPriceData":{"b2cPrice":13.95,"b2bPrice":12.46},"piecePrice":2.72,"piecePriceData":{"b2cPrice":2.72,"b2bPrice":2.43},"salesUnit":"Vikt","comparativePriceText":"kr/kg","comparativePrice":13.95,"comparativePriceData":{"b2cPrice":13.95,"b2bPrice":12.46},"articleSold":false,"deposit":0.0,"depositData":{"b2cPrice":0.0,"b2bPrice":0.0},"vat":{"code":"vat-full-2","value":12.0,"type":"Percentage"},"animalFoodData":{},"fromSweden":false,"availableOnline":true,"countryOfOriginCodes":[{"code":"752","value":"Sverige"}],"isMagazine":false,"nutrientBasis":{},"originCountry":{"code":"SWEDEN","value":"Sverige"},"replacementCountries":[],"class":"Klass 1","pharmaceuticalData":{"isPharmaceutical":false},"sustainabilityInfo":[{"productScore":[{"score":2.0,"param":"Biologisk mångfald","paramId":"biodiversity"},{"score":1.0,"param":"Klimat","paramId":"climate"},{"score":1.5,"param":"Bördighet","paramId":"soil_fertility"},{"score":2.0,"param":"Vatten","paramId":"water"},{"score":2.0,"param":"Bekämpningsmedel","paramId":"pesticides"},{"score":2.0,"param":"Övergödning","paramId":"eutrophication"},{"score":null,"param":"Djuromsorg och antibiotika","paramId":"animal_welfare_antibiotics"},{"score":1.5,"param":"Arbetsförhållanden","paramId":"working_conditions"},{"score":1.5,"param":"Lokalbefolkning","paramId":"local_population"},{"score":1.0,"param":"Lagefterlevnad och spårbarhet","paramId":"compliance_traceability"}]}],"sustainabilityInfoApplicable":true},{"id":"2317408200009","type":"Product","ean":"2317408200009","name":"Röd lök","description":"Produkten varierar något i storlek och vikt. När du handlar hos oss visar vi en uppskattad vikt för varan och ett pris baserat på kilopriset. Ni debiteras efter vi plockat ihop era varor den verkliga vikten.<br> Vi garanterar att du alltid betalar för varans verkliga vikt.","imageUrl":"http://res.cloudinary.com/coopsverige/image/upload/v1641911542/cloud/24662.tiff","navCategories":[{"code":"334459","name":"Lök","superCategories":[{"code":"32361","name":"Grönsaker","superCategories":[{"code":"16534","name":"Frukt & Grönsaker","superCategories":[]}]}]}],"packageSize":195.0,"packageSizeInformation":"195 gram ungefärlig vikt","packageSizeUnit":"gram ungefärlig vikt","pieceWeight":0.195,"salesPrice":19.95,"salesPriceData":{"b2cPrice":19.95,"b2bPrice":17.81},"piecePrice":3.89,"piecePriceData":{"b2cPrice":3.89,"b2bPrice":3.47},"salesUnit":"Vikt","comparativePriceText":"kr/kg","comparativePrice":19.95,"comparativePriceData":{"b2cPrice":19.95,"b2bPrice":17.81},"articleSold":false,"deposit":0.0,"depositData":{"b2cPrice":0.0,"b2bPrice":0.0},"vat":{"code":"vat-full-2","value":12.0,"type":"Percentage"},"animalFoodData":{},"fromSweden":false,"availableOnline":true,"countryOfOriginCodes":[{"code":"752","value":"Sverige"}],"isMagazine":false,"nutrientBasis":{},"originCountry":{"code":"SWEDEN","value":"Sverige"},"replacementCountries":[],"class":"Klass 1","pharmaceuticalData":{"isPharmaceutical":false},"sustainabilityInfo":[{"productScore":[{"score":2.0,"param":"Biologisk mångfald","paramId":"biodiversity"},{"score":1.0,"param":"Klimat","paramId":"climate"},{"score":1.5,"param":"Bördighet","paramId":"soil_fertility"},{"score":2.0,"param":"Vatten","paramId":"water"},{"score":2.0,"param":"Bekämpningsmedel","paramId":"pesticides"},{"score":2.0,"param":"Övergödning","paramId":"eutrophication"},{"score":null,"param":"Djuromsorg och antibiotika","paramId":"animal_welfare_antibiotics"},{"score":1.5,"param":"Arbetsförhållanden","paramId":"working_conditions"},{"score":1.5,"param":"Lokalbefolkning","paramId":"local_population"},{"score":1.0,"param":"Lagefterlevnad och spårbarhet","paramId":"compliance_traceability"}]}],"sustainabilityInfoApplicable":true},{"id":"2317417300004","type":"Product","ean":"2317417300004","name":"Äpple","description":"Produkten varierar något i storlek och vikt. När du handlar hos oss visar vi en uppskattad vikt för varan och ett pris baserat på kilopriset. Ni debiteras efter vi plockat ihop era varor den verkliga vikten. Vi garanterar att du alltid betalar för varans verkliga vikt. ","imageUrl":"http://res.cloudinary.com/coopsverige/image/upload/v1440062868/49643.tiff","navCategories":[{"code":"32486","name":"Äpple","superCategories":[{"code":"32484","name":"Frukt & bär","superCategories":[{"code":"16534","name":"Frukt & Grönsaker","superCategories":[]}]}]}],"packageSize":180.0,"packageSizeInformation":"180 gram ungefärlig vikt","packageSizeUnit":"gram ungefärlig vikt","pieceWeight":0.18,"salesPrice":33.95,"salesPriceData":{"b2cPrice":33.95,"b2bPrice":30.31},"piecePrice":6.11,"piecePriceData":{"b2cPrice":6.11,"b2bPrice":5.46},"salesUnit":"Vikt","comparativePriceText":"kr/kg","comparativePrice":33.95,"comparativePriceData":{"b2cPrice":33.95,"b2bPrice":30.31},"articleSold":false,"deposit":0.0,"depositData":{"b2cPrice":0.0,"b2bPrice":0.0},"vat":{"code":"vat-full-2","value":12.0,"type":"Percentage"},"animalFoodData":{},"fromSweden":false,"availableOnline":true,"isMagazine":false,"nutrientBasis":{},"originCountry":{"code":"CHILE","value":"Chile"},"replacementCountries":[],"variety":"Royal Gala","class":"Klass 1","pharmaceuticalData":{"isPharmaceutical":false},"sustainabilityInfo":[{"productScore":[{"score":2.0,"param":"Biologisk mångfald","paramId":"biodiversity"},{"score":1.0,"param":"Klimat","paramId":"climate"},{"score":1.5,"param":"Bördighet","paramId":"soil_fertility"},{"score":2.0,"param":"Vatten","paramId":"water"},{"score":2.0,"param":"Bekämpningsmedel","paramId":"pesticides"},{"score":2.0,"param":"Övergödning","paramId":"eutrophication"},{"score":null,"param":"Djuromsorg och antibiotika","paramId":"animal_welfare_antibiotics"},{"score":2.0,"param":"Arbetsförhållanden","paramId":"working_conditions"},{"score":1.5,"param":"Lokalbefolkning","paramId":"local_population"},{"score":2.0,"param":"Lagefterlevnad och spårbarhet","paramId":"compliance_traceability"}]}],"sustainabilityInfoApplicable":true},{"id":"2317468800003","type":"Product","ean":"2317468800003","name":"Paprika Röd","description":"Produkten varierar något i storlek och vikt. När du handlar hos oss visar vi en uppskattad vikt för varan och ett pris baserat på kilopriset. Ni debiteras efter vi plockat ihop era varor den verkliga vikten.<br> Vi garanterar att du alltid betalar för varans verkliga vikt.","imageUrl":"http://res.cloudinary.com/coopsverige/image/upload/v1708418328/cloud/328899.jpg","navCategories":[{"code":"198002","name":"Paprika","superCategories":[{"code":"32361","name":"Grönsaker","superCategories":[{"code":"16534","name":"Frukt & Grönsaker","superCategories":[]}]}]}],"packageSize":210.0,"packageSizeInformation":"210 gram ungefärlig vikt","packageSizeUnit":"gram ungefärlig vikt","pieceWeight":0.21,"salesPrice":44.95,"salesPriceData":{"b2cPrice":44.95,"b2bPrice":40.13},"piecePrice":9.44,"piecePriceData":{"b2cPrice":9.44,"b2bPrice":8.43},"promotionPrice":8.19,"promotionPriceData":{"b2cPrice":8.19,"b2bPrice":7.31},"salesUnit":"Vikt","comparativePriceText":"kr/kg","comparativePrice":44.95,"comparativePriceData":{"b2cPrice":44.95,"b2bPrice":40.13},"articleSold":false,"deposit":0.0,"depositData":{"b2cPrice":0.0,"b2bPrice":0.0},"vat":{"code":"vat-full-2","value":12.0,"type":"Percentage"},"animalFoodData":{},"onlinePromotions":[{"id":"016001_135738","price":39.0,"priceData":{"b2cPrice":39.0,"b2bPrice":34.82},"piecePrice":8.19,"piecePriceData":{"b2cPrice":8.19,"b2bPrice":7.31},"startDate":"2025-07-06T22:00:00Z","endDate":"2025-07-13T22:00:00Z","message":"Paprika Röd-39:- /kg","type":"FIXED_PRICE","medMeraRequired":false,"priority":930,"comparativePrice":{"b2cPrice":39.0,"b2bPrice":34.82},"higherThanHistoricalPrice":false}],"fromSweden":false,"availableOnline":true,"isMagazine":false,"nutrientBasis":{},"originCountry":{"code":"THE NETHERLANDS","value":"Nederländerna"},"replacementCountries":[],"class":"Klass 1","pharmaceuticalData":{"isPharmaceutical":false},"sustainabilityInfo":[{"productScore":[{"score":2.0,"param":"Biologisk mångfald","paramId":"biodiversity"},{"score":1.0,"param":"Klimat","paramId":"climate"},{"score":2.0,"param":"Bördighet","paramId":"soil_fertility"},{"score":2.0,"param":"Vatten","paramId":"water"},{"score":2.0,"param":"Bekämpningsmedel","paramId":"pesticides"},{"score":2.0,"param":"Övergödning","paramId":"eutrophication"},{"score":null,"param":"Djuromsorg och antibiotika","paramId":"animal_welfare_antibiotics"},{"score":2.5,"param":"Arbetsförhållanden","paramId":"working_conditions"},{"score":3.0,"param":"Lokalbefolkning","paramId":"local_population"},{"score":3.0,"param":"Lagefterlevnad och spårbarhet","paramId":"compliance_traceability"}]}],"sustainabilityInfoApplicable":true},{"id":"7300170029584","type":"Product","ean":"7300170029584","name":"Citron","imageUrl":"http://res.cloudinary.com/coopsverige/image/upload/v1630938629/cloud/25194.tiff","navCategories":[{"code":"32492","name":"Citrusfrukt","superCategories":[{"code":"32484","name":"Frukt & bär","superCategories":[{"code":"16534","name":"Frukt & Grönsaker","superCategories":[]}]}]}],"packageSize":130.0,"packageSizeInformation":"130 g","packageSizeUnit":"Gram","salesPrice":6.95,"salesPriceData":{"b2cPrice":6.95,"b2bPrice":6.21},"piecePrice":6.95,"piecePriceData":{"b2cPrice":6.95,"b2bPrice":6.21},"salesUnit":"Styck","comparativePriceText":"kr/kg","comparativePrice":53.46,"comparativePriceData":{"b2cPrice":53.46,"b2bPrice":47.73},"articleSold":false,"deposit":0.0,"depositData":{"b2cPrice":0.0,"b2bPrice":0.0},"vat":{"code":"vat-full-2","value":12.0,"type":"Percentage"},"animalFoodData":{},"onlinePromotions":[{"id":"016001_35085","price":18.0,"priceData":{"b2cPrice":18.0,"b2bPrice":16.07},"startDate":"2025-07-06T22:00:00Z","endDate":"2025-07-13T22:00:00Z","message":"CITRONER 3 FÖR 18 KR-3 för 18:-","type":"MULTI_BUY_FIXED_PRICE","numberOfProductRequired":3,"medMeraRequired":false,"priority":910,"comparativePrice":{"b2cPrice":46.15,"b2bPrice":41.21},"higherThanHistoricalPrice":false}],"fromSweden":false,"availableOnline":true,"countryOfOriginCodes":[{"code":"724","value":"Spanien"}],"isMagazine":false,"nutrientBasis":{},"originCountry":{"code":"SPAIN","value":"Spanien"},"replacementCountries":[],"class":"Klass 1","pharmaceuticalData":{"isPharmaceutical":false},"sustainabilityInfoApplicable":true},{"id":"2317480600001","type":"Product","ean":"2317480600001","name":"Tomater","description":"Produkten varierar något i storlek och vikt. När du handlar hos oss visar vi en uppskattad vikt för varan och ett pris baserat på kilopriset. Ni debiteras efter vi plockat ihop era varor den verkliga vikten.<br> Vi garanterar att du alltid betalar för varans verkliga vikt.","imageUrl":"http://res.cloudinary.com/coopsverige/image/upload/v1654157612/cloud/206103.tiff","navCategories":[{"code":"32408","name":"Tomat","superCategories":[{"code":"32361","name":"Grönsaker","superCategories":[{"code":"16534","name":"Frukt & Grönsaker","superCategories":[]}]}]}],"packageSize":135.0,"packageSizeInformation":"135 gram ungefärlig vikt","packageSizeUnit":"gram ungefärlig vikt","pieceWeight":0.135,"salesPrice":32.95,"salesPriceData":{"b2cPrice":32.95,"b2bPrice":29.42},"piecePrice":4.45,"piecePriceData":{"b2cPrice":4.45,"b2bPrice":3.97},"promotionPrice":3.38,"promotionPriceData":{"b2cPrice":3.38,"b2bPrice":3.02},"salesUnit":"Vikt","comparativePriceText":"kr/kg","comparativePrice":32.95,"comparativePriceData":{"b2cPrice":32.95,"b2bPrice":29.42},"articleSold":false,"deposit":0.0,"depositData":{"b2cPrice":0.0,"b2bPrice":0.0},"vat":{"code":"vat-full-2","value":12.0,"type":"Percentage"},"animalFoodData":{},"onlinePromotions":[{"id":"016001_135699","price":25.0,"priceData":{"b2cPrice":25.0,"b2bPrice":22.32},"piecePrice":3.38,"piecePriceData":{"b2cPrice":3.38,"b2bPrice":3.02},"startDate":"2025-07-06T22:00:00Z","endDate":"2025-07-13T22:00:00Z","message":"Tomater-25:- /kg","type":"FIXED_PRICE","medMeraRequired":false,"priority":930,"comparativePrice":{"b2cPrice":25.0,"b2bPrice":22.32},"higherThanHistoricalPrice":false}],"fromSweden":false,"availableOnline":true,"isMagazine":false,"nutrientBasis":{},"originCountry":{"code":"SWEDEN","value":"Sverige"},"replacementCountries":[],"class":"Klass 1","pharmaceuticalData":{"isPharmaceutical":false},"sustainabilityInfo":[{"productScore":[{"score":2.0,"param":"Biologisk mångfald","paramId":"biodiversity"},{"score":2.0,"param":"Klimat","paramId":"climate"},{"score":2.0,"param":"Bördighet","paramId":"soil_fertility"},{"score":2.0,"param":"Vatten","paramId":"water"},{"score":2.0,"param":"Bekämpningsmedel","paramId":"pesticides"},{"score":2.0,"param":"Övergödning","paramId":"eutrophication"},{"score":null,"param":"Djuromsorg och antibiotika","paramId":"animal_welfare_antibiotics"},{"score":2.0,"param":"Arbetsförhållanden","paramId":"working_conditions"},{"score":2.5,"param":"Lokalbefolkning","paramId":"local_population"},{"score":1.0,"param":"Lagefterlevnad och spårbarhet","paramId":"compliance_traceability"}]}],"sustainabilityInfoApplicable":true},{"id":"2317412800004","type":"Product","ean":"2317412800004","name":"Äpple","description":"Produkten varierar något i storlek och vikt. När du handlar hos oss visar vi en uppskattad vikt för varan och ett pris baserat på kilopriset. Ni debiteras efter vi plockat ihop era varor den verkliga vikten.Vi garanterar att du alltid betalar för varans verkliga vikt.","imageUrl":"http://res.cloudinary.com/coopsverige/image/upload/v1440062808/49636.tiff","navCategories":[{"code":"32486","name":"Äpple","superCategories":[{"code":"32484","name":"Frukt & bär","superCategories":[{"code":"16534","name":"Frukt & Grönsaker","superCategories":[]}]}]}],"packageSize":170.0,"packageSizeInformation":"170 gram ungefärlig vikt","packageSizeUnit":"gram ungefärlig vikt","pieceWeight":0.17,"salesPrice":41.95,"salesPriceData":{"b2cPrice":41.95,"b2bPrice":37.46},"piecePrice":7.13,"piecePriceData":{"b2cPrice":7.13,"b2bPrice":6.37},"salesUnit":"Vikt","comparativePriceText":"kr/kg","comparativePrice":41.95,"comparativePriceData":{"b2cPrice":41.95,"b2bPrice":37.46},"articleSold":false,"deposit":0.0,"depositData":{"b2cPrice":0.0,"b2bPrice":0.0},"vat":{"code":"vat-full-2","value":12.0,"type":"Percentage"},"animalFoodData":{},"fromSweden":false,"availableOnline":true,"isMagazine":false,"nutrientBasis":{},"originCountry":{"code":"CHILE","value":"Chile"},"replacementCountries":[],"variety":"Pink Lady","class":"Klass 1","pharmaceuticalData":{"isPharmaceutical":false},"sustainabilityInfo":[{"productScore":[{"score":2.0,"param":"Biologisk mångfald","paramId":"biodiversity"},{"score":1.0,"param":"Klimat","paramId":"climate"},{"score":2.0,"param":"Bördighet","paramId":"soil_fertility"},{"score":2.0,"param":"Vatten","paramId":"water"},{"score":2.0,"param":"Bekämpningsmedel","paramId":"pesticides"},{"score":2.0,"param":"Övergödning","paramId":"eutrophication"},{"score":null,"param":"Djuromsorg och antibiotika","paramId":"animal_welfare_antibiotics"},{"score":2.5,"param":"Arbetsförhållanden","paramId":"working_conditions"},{"score":3.0,"param":"Lokalbefolkning","paramId":"local_population"},{"score":2.0,"param":"Lagefterlevnad och spårbarhet","paramId":"compliance_traceability"}]}],"sustainabilityInfoApplicable":true},{"id":"2317466400007","type":"Product","ean":"2317466400007","name":"Tomat Kvist","description":"Produkten varierar något i storlek och vikt. När du handlar hos oss visar vi en uppskattad vikt för varan och ett pris baserat på kilopriset. Ni debiteras efter vi plockat ihop era varor den verkliga vikten.<br> Vi garanterar att du alltid betalar för varans verkliga vikt.","imageUrl":"http://res.cloudinary.com/coopsverige/image/upload/v1440063185/49690.tiff","navCategories":[{"code":"32408","name":"Tomat","superCategories":[{"code":"32361","name":"Grönsaker","superCategories":[{"code":"16534","name":"Frukt & Grönsaker","superCategories":[]}]}]}],"packageSize":130.0,"packageSizeInformation":"130 gram ungefärlig vikt","packageSizeUnit":"gram ungefärlig vikt","pieceWeight":0.13,"salesPrice":28.95,"salesPriceData":{"b2cPrice":28.95,"b2bPrice":25.85},"piecePrice":3.76,"piecePriceData":{"b2cPrice":3.76,"b2bPrice":3.36},"salesUnit":"Vikt","comparativePriceText":"kr/kg","comparativePrice":28.95,"comparativePriceData":{"b2cPrice":28.95,"b2bPrice":25.85},"articleSold":false,"deposit":0.0,"depositData":{"b2cPrice":0.0,"b2bPrice":0.0},"vat":{"code":"vat-full-2","value":12.0,"type":"Percentage"},"animalFoodData":{},"fromSweden":false,"availableOnline":true,"isMagazine":false,"nutrientBasis":{},"originCountry":{"code":"THE NETHERLANDS","value":"Nederländerna"},"replacementCountries":[],"class":"Klass 1","pharmaceuticalData":{"isPharmaceutical":false},"sustainabilityInfo":[{"productScore":[{"score":2.0,"param":"Biologisk mångfald","paramId":"biodiversity"},{"score":2.0,"param":"Klimat","paramId":"climate"},{"score":1.0,"param":"Bördighet","paramId":"soil_fertility"},{"score":2.0,"param":"Vatten","paramId":"water"},{"score":2.0,"param":"Bekämpningsmedel","paramId":"pesticides"},{"score":2.0,"param":"Övergödning","paramId":"eutrophication"},{"score":null,"param":"Djuromsorg och antibiotika","paramId":"animal_welfare_antibiotics"},{"score":1.0,"param":"Arbetsförhållanden","paramId":"working_conditions"},{"score":1.0,"param":"Lokalbefolkning","paramId":"local_population"},{"score":1.0,"param":"Lagefterlevnad och spårbarhet","paramId":"compliance_traceability"}]}],"sustainabilityInfoApplicable":true},{"id":"7300170040688","type":"Product","ean":"7300170040688","name":"Salladslök","imageUrl":"http://res.cloudinary.com/coopsverige/image/upload/v1445539325/80746.tiff","navCategories":[{"code":"334459","name":"Lök","superCategories":[{"code":"32361","name":"Grönsaker","superCategories":[{"code":"16534","name":"Frukt & Grönsaker","superCategories":[]}]}]}],"packageSize":100.0,"packageSizeInformation":"100 g","packageSizeUnit":"Gram","salesPrice":14.95,"salesPriceData":{"b2cPrice":14.95,"b2bPrice":13.35},"piecePrice":14.95,"piecePriceData":{"b2cPrice":14.95,"b2bPrice":13.35},"salesUnit":"Styck","comparativePriceText":"kr/kg","comparativePrice":149.5,"comparativePriceData":{"b2cPrice":149.5,"b2bPrice":133.48},"articleSold":false,"deposit":0.0,"depositData":{"b2cPrice":0.0,"b2bPrice":0.0},"vat":{"code":"vat-full-2","value":12.0,"type":"Percentage"},"animalFoodData":{},"onlinePromotions":[{"id":"016001_35079","price":25.0,"priceData":{"b2cPrice":25.0,"b2bPrice":22.32},"startDate":"2025-07-06T22:00:00Z","endDate":"2025-07-13T22:00:00Z","message":"SALLADSLÖK 2 FÖR 25 KR-2 för 25:-","type":"MULTI_BUY_FIXED_PRICE","numberOfProductRequired":2,"medMeraRequired":false,"priority":910,"comparativePrice":{"b2cPrice":125.0,"b2bPrice":111.61},"higherThanHistoricalPrice":false}],"fromSweden":false,"availableOnline":true,"isMagazine":false,"nutrientBasis":{},"originCountry":{"code":"GERMANY","value":"Tyskland"},"replacementCountries":[],"class":"Klass 1","pharmaceuticalData":{"isPharmaceutical":false},"sustainabilityInfoApplicable":true},{"id":"2317460800001","type":"Product","ean":"2317460800001","name":"Vitlök","description":"Produkten varierar något i storlek och vikt. När du handlar hos oss visar vi en uppskattad vikt för varan och ett pris baserat på kilopriset. Ni debiteras efter vi plockat ihop era varor den verkliga vikten.<br> Vi garanterar att du alltid betalar för varans verkliga vikt.","imageUrl":"http://res.cloudinary.com/coopsverige/image/upload/v1643966131/cloud/211778.jpg","navCategories":[{"code":"334459","name":"Lök","superCategories":[{"code":"32361","name":"Grönsaker","superCategories":[{"code":"16534","name":"Frukt & Grönsaker","superCategories":[]}]}]}],"packageSize":80.0,"packageSizeInformation":"80 gram ungefärlig vikt","packageSizeUnit":"gram ungefärlig vikt","pieceWeight":0.08,"salesPrice":119.0,"salesPriceData":{"b2cPrice":119.0,"b2bPrice":106.25},"piecePrice":9.52,"piecePriceData":{"b2cPrice":9.52,"b2bPrice":8.5},"salesUnit":"Vikt","comparativePriceText":"kr/kg","comparativePrice":119.0,"comparativePriceData":{"b2cPrice":119.0,"b2bPrice":106.25},"articleSold":false,"deposit":0.0,"depositData":{"b2cPrice":0.0,"b2bPrice":0.0},"vat":{"code":"vat-full-2","value":12.0,"type":"Percentage"},"animalFoodData":{},"fromSweden":false,"availableOnline":true,"isMagazine":false,"nutrientBasis":{},"originCountry":{"code":"SPAIN","value":"Spanien"},"replacementCountries":[],"class":"Klass 1","pharmaceuticalData":{"isPharmaceutical":false},"sustainabilityInfo":[{"productScore":[{"score":2.0,"param":"Biologisk mångfald","paramId":"biodiversity"},{"score":2.0,"param":"Klimat","paramId":"climate"},{"score":2.0,"param":"Bördighet","paramId":"soil_fertility"},{"score":2.0,"param":"Vatten","paramId":"water"},{"score":2.0,"param":"Bekämpningsmedel","paramId":"pesticides"},{"score":2.0,"param":"Övergödning","paramId":"eutrophication"},{"score":null,"param":"Djuromsorg och antibiotika","paramId":"animal_welfare_antibiotics"},{"score":3.0,"param":"Arbetsförhållanden","paramId":"working_conditions"},{"score":3.5,"param":"Lokalbefolkning","paramId":"local_population"},{"score":3.5,"param":"Lagefterlevnad och spårbarhet","paramId":"compliance_traceability"}]}],"sustainabilityInfoApplicable":true},{"id":"2317301700002","type":"Product","ean":"2317301700002","name":"Päron","description":"Produkten varierar något i storlek och vikt. När du handlar hos oss visar vi en uppskattad vikt för varan och ett pris baserat på kilopriset. Ni debiteras efter vi plockat ihop era varor den verkliga vikten.<br> Vi garanterar att du alltid betalar för varans verkliga vikt.","imageUrl":"http://res.cloudinary.com/coopsverige/image/upload/v1440062428/49576.tiff","navCategories":[{"code":"32488","name":"Päron","superCategories":[{"code":"32484","name":"Frukt & bär","superCategories":[{"code":"16534","name":"Frukt & Grönsaker","superCategories":[]}]}]}],"packageSize":180.0,"packageSizeInformation":"180 gram ungefärlig vikt","packageSizeUnit":"gram ungefärlig vikt","pieceWeight":0.18,"salesPrice":36.95,"salesPriceData":{"b2cPrice":36.95,"b2bPrice":32.99},"piecePrice":6.65,"piecePriceData":{"b2cPrice":6.65,"b2bPrice":5.94},"salesUnit":"Vikt","comparativePriceText":"kr/kg","comparativePrice":36.95,"comparativePriceData":{"b2cPrice":36.95,"b2bPrice":32.99},"articleSold":false,"deposit":0.0,"depositData":{"b2cPrice":0.0,"b2bPrice":0.0},"vat":{"code":"vat-full-2","value":12.0,"type":"Percentage"},"animalFoodData":{},"fromSweden":false,"availableOnline":true,"isMagazine":false,"nutrientBasis":{},"originCountry":{"code":"THE NETHERLANDS","value":"Nederländerna"},"replacementCountries":[],"variety":"Conference","class":"Klass 1","pharmaceuticalData":{"isPharmaceutical":false},"sustainabilityInfo":[{"productScore":[{"score":2.0,"param":"Biologisk mångfald","paramId":"biodiversity"},{"score":1.0,"param":"Klimat","paramId":"climate"},{"score":1.5,"param":"Bördighet","paramId":"soil_fertility"},{"score":2.0,"param":"Vatten","paramId":"water"},{"score":2.0,"param":"Bekämpningsmedel","paramId":"pesticides"},{"score":2.0,"param":"Övergödning","paramId":"eutrophication"},{"score":null,"param":"Djuromsorg och antibiotika","paramId":"animal_welfare_antibiotics"},{"score":2.5,"param":"Arbetsförhållanden","paramId":"working_conditions"},{"score":1.5,"param":"Lokalbefolkning","paramId":"local_population"},{"score":1.0,"param":"Lagefterlevnad och spårbarhet","paramId":"compliance_traceability"}]}],"sustainabilityInfoApplicable":true},{"id":"7300170029485","type":"Product","ean":"7300170029485","name":"Lime","description":"Produkten varierar något i storlek och vikt. När du handlar hos oss visar vi en uppskattad vikt för varan och ett pris baserat på kilopriset. Ni debiteras efter vi plockat ihop era varor den verkliga vikten. Vi garanterar att du alltid betalar för varans verkliga vikt.","imageUrl":"http://res.cloudinary.com/coopsverige/image/upload/v1440064012/49833.tiff","navCategories":[{"code":"32492","name":"Citrusfrukt","superCategories":[{"code":"32484","name":"Frukt & bär","superCategories":[{"code":"16534","name":"Frukt & Grönsaker","superCategories":[]}]}]}],"packageSize":90.0,"packageSizeInformation":"90 gram ungefärlig vikt","packageSizeUnit":"gram ungefärlig vikt","pieceWeight":0.09,"salesPrice":6.95,"salesPriceData":{"b2cPrice":6.95,"b2bPrice":6.21},"piecePrice":6.95,"piecePriceData":{"b2cPrice":6.95,"b2bPrice":6.21},"salesUnit":"Styck","comparativePriceText":"kr/kg","comparativePrice":77.22,"comparativePriceData":{"b2cPrice":77.22,"b2bPrice":68.95},"articleSold":false,"deposit":0.0,"depositData":{"b2cPrice":0.0,"b2bPrice":0.0},"vat":{"code":"vat-full-2","value":12.0,"type":"Percentage"},"animalFoodData":{},"onlinePromotions":[{"id":"016001_35078","price":15.0,"priceData":{"b2cPrice":15.0,"b2bPrice":13.39},"startDate":"2025-07-06T22:00:00Z","endDate":"2025-07-13T22:00:00Z","message":"LIME 3 FÖR 15 KR-3 för 15:-","type":"MULTI_BUY_FIXED_PRICE","numberOfProductRequired":3,"medMeraRequired":false,"priority":910,"comparativePrice":{"b2cPrice":55.55,"b2bPrice":49.6},"higherThanHistoricalPrice":false}],"fromSweden":false,"availableOnline":true,"isMagazine":false,"nutrientBasis":{},"originCountry":{"code":"BRAZIL","value":"Brasilien"},"replacementCountries":[],"class":"Klass 1","pharmaceuticalData":{"isPharmaceutical":false},"sustainabilityInfoApplicable":true},{"id":"2317462900006","type":"Product","ean":"2317462900006","name":"Purjolök","description":"Produkten varierar något i storlek och vikt. När du handlar hos oss visar vi en uppskattad vikt för varan och ett pris baserat på kilopriset. Ni debiteras efter vi plockat ihop era varor den verkliga vikten.<br> Vi garanterar att du alltid betalar för varans verkliga vikt.","imageUrl":"http://res.cloudinary.com/coopsverige/image/upload/v1632412703/cloud/25179.tiff","navCategories":[{"code":"334459","name":"Lök","superCategories":[{"code":"32361","name":"Grönsaker","superCategories":[{"code":"16534","name":"Frukt & Grönsaker","superCategories":[]}]}]}],"packageSize":350.0,"packageSizeInformation":"350 gram ungefärlig vikt","packageSizeUnit":"gram ungefärlig vikt","pieceWeight":0.35,"salesPrice":29.95,"salesPriceData":{"b2cPrice":29.95,"b2bPrice":26.74},"piecePrice":10.48,"piecePriceData":{"b2cPrice":10.48,"b2bPrice":9.36},"salesUnit":"Vikt","comparativePriceText":"kr/kg","comparativePrice":29.95,"comparativePriceData":{"b2cPrice":29.95,"b2bPrice":26.74},"articleSold":false,"deposit":0.0,"depositData":{"b2cPrice":0.0,"b2bPrice":0.0},"vat":{"code":"vat-full-2","value":12.0,"type":"Percentage"},"animalFoodData":{},"fromSweden":false,"availableOnline":true,"isMagazine":false,"nutrientBasis":{},"originCountry":{"code":"THE NETHERLANDS","value":"Nederländerna"},"replacementCountries":[],"class":"Klass 1","pharmaceuticalData":{"isPharmaceutical":false},"sustainabilityInfo":[{"productScore":[{"score":2.0,"param":"Biologisk mångfald","paramId":"biodiversity"},{"score":1.0,"param":"Klimat","paramId":"climate"},{"score":2.5,"param":"Bördighet","paramId":"soil_fertility"},{"score":1.5,"param":"Vatten","paramId":"water"},{"score":2.0,"param":"Bekämpningsmedel","paramId":"pesticides"},{"score":2.0,"param":"Övergödning","paramId":"eutrophication"},{"score":null,"param":"Djuromsorg och antibiotika","paramId":"animal_welfare_antibiotics"},{"score":1.0,"param":"Arbetsförhållanden","paramId":"working_conditions"},{"score":1.0,"param":"Lokalbefolkning","paramId":"local_population"},{"score":1.0,"param":"Lagefterlevnad och spårbarhet","paramId":"compliance_traceability"}]}],"sustainabilityInfoApplicable":true},{"id":"2317438900009","type":"Product","ean":"2317438900009","name":"Apelsiner","description":"Produkten varierar något i storlek och vikt. När du handlar hos oss visar vi en uppskattad vikt för varan och ett pris baserat på kilopriset. Ni debiteras efter vi plockat ihop era varor den verkliga vikten.<br> Vi garanterar att du alltid betalar för varans verkliga vikt. ","imageUrl":"http://res.cloudinary.com/coopsverige/image/upload/v1581926330/393481.tiff","navCategories":[{"code":"32492","name":"Citrusfrukt","superCategories":[{"code":"32484","name":"Frukt & bär","superCategories":[{"code":"16534","name":"Frukt & Grönsaker","superCategories":[]}]}]}],"packageSize":275.0,"packageSizeInformation":"275 gram ungefärlig vikt","packageSizeUnit":"gram ungefärlig vikt","pieceWeight":0.275,"salesPrice":27.95,"salesPriceData":{"b2cPrice":27.95,"b2bPrice":24.96},"piecePrice":7.69,"piecePriceData":{"b2cPrice":7.69,"b2bPrice":6.87},"salesUnit":"Vikt","comparativePriceText":"kr/kg","comparativePrice":27.95,"comparativePriceData":{"b2cPrice":27.95,"b2bPrice":24.96},"articleSold":false,"deposit":0.0,"depositData":{"b2cPrice":0.0,"b2bPrice":0.0},"vat":{"code":"vat-full-2","value":12.0,"type":"Percentage"},"animalFoodData":{},"fromSweden":false,"availableOnline":true,"isMagazine":false,"nutrientBasis":{},"originCountry":{"code":"SPAIN","value":"Spanien"},"replacementCountries":[],"variety":"Navelina","class":"Klass 1","pharmaceuticalData":{"isPharmaceutical":false},"sustainabilityInfo":[{"productScore":[{"score":2.0,"param":"Biologisk mångfald","paramId":"biodiversity"},{"score":2.0,"param":"Klimat","paramId":"climate"},{"score":2.0,"param":"Bördighet","paramId":"soil_fertility"},{"score":2.0,"param":"Vatten","paramId":"water"},{"score":2.0,"param":"Bekämpningsmedel","paramId":"pesticides"},{"score":2.0,"param":"Övergödning","paramId":"eutrophication"},{"score":null,"param":"Djuromsorg och antibiotika","paramId":"animal_welfare_antibiotics"},{"score":3.5,"param":"Arbetsförhållanden","paramId":"working_conditions"},{"score":3.5,"param":"Lokalbefolkning","paramId":"local_population"},{"score":4.0,"param":"Lagefterlevnad och spårbarhet","paramId":"compliance_traceability"}]}],"sustainabilityInfoApplicable":true},{"id":"2317483300007","type":"Product","ean":"2317483300007","name":"Färskpotatis","description":"Produkten varierar något i storlek och vikt. När du handlar hos oss visar vi en uppskattad vikt för varan och ett pris baserat på kilopriset. Ni debiteras efter vi plockat ihop era varor den verkliga vikten. Vi garanterar att du alltid betalar för varans verkliga vikt.","imageUrl":"http://res.cloudinary.com/coopsverige/image/upload/v1751367491/cloud/494361.png","navCategories":[{"code":"32466","name":"Potatis","superCategories":[{"code":"32361","name":"Grönsaker","superCategories":[{"code":"16534","name":"Frukt & Grönsaker","superCategories":[]}]}]}],"packageSize":1.0,"packageSizeInformation":"1","pieceWeight":1.0,"salesPrice":17.95,"salesPriceData":{"b2cPrice":17.95,"b2bPrice":16.03},"piecePrice":17.95,"piecePriceData":{"b2cPrice":17.95,"b2bPrice":16.03},"salesUnit":"Vikt","comparativePriceText":"kr/kg","comparativePrice":17.95,"comparativePriceData":{"b2cPrice":17.95,"b2bPrice":16.03},"articleSold":false,"deposit":0.0,"depositData":{"b2cPrice":0.0,"b2bPrice":0.0},"vat":{"code":"vat-full-2","value":12.0,"type":"Percentage"},"animalFoodData":{},"variances":[{"code":"ca1000g_2317483300007","name":"Ca 1000 g","quantity":1.0,"unit":"kilogram","price":17.95,"priceData":{"b2cPrice":17.95,"b2bPrice":16.03}},{"code":"ca300g_2317483300007","name":"Ca 300 g","quantity":0.3,"unit":"kilogram","price":5.39,"priceData":{"b2cPrice":5.39,"b2bPrice":4.81}},{"code":"ca800g_2317483300007","name":"Ca 800 g","quantity":0.8,"unit":"kilogram","price":14.36,"priceData":{"b2cPrice":14.36,"b2bPrice":12.82}},{"code":"ca1500g_2317483300007","name":"ca 1500 g","quantity":1.5,"unit":"kilogram","price":26.93,"priceData":{"b2cPrice":26.93,"b2bPrice":24.04}},{"code":"ca500g_2317483300007","name":"Ca 500 g","quantity":0.5,"unit":"kilogram","price":8.98,"priceData":{"b2cPrice":8.98,"b2bPrice":8.02}}],"fromSweden":false,"availableOnline":true,"isMagazine":false,"nutrientBasis":{},"originCountry":{"code":"SWEDEN","value":"Sverige"},"replacementCountries":[],"pharmaceuticalData":{"isPharmaceutical":false},"sustainabilityInfo":[{"productScore":[{"score":2.0,"param":"Biologisk mångfald","paramId":"biodiversity"},{"score":1.0,"param":"Klimat","paramId":"climate"},{"score":2.5,"param":"Bördighet","paramId":"soil_fertility"},{"score":1.5,"param":"Vatten","paramId":"water"},{"score":2.0,"param":"Bekämpningsmedel","paramId":"pesticides"},{"score":2.0,"param":"Övergödning","paramId":"eutrophication"},{"score":null,"param":"Djuromsorg och antibiotika","paramId":"animal_welfare_antibiotics"},{"score":1.0,"param":"Arbetsförhållanden","paramId":"working_conditions"},{"score":1.5,"param":"Lokalbefolkning","paramId":"local_population"},{"score":1.0,"param":"Lagefterlevnad och spårbarhet","paramId":"compliance_traceability"}]}],"sustainabilityInfoApplicable":true},{"id":"7340007902048","type":"Product","ean":"7340007902048","name":"Vitlök","imageUrl":"http://res.cloudinary.com/coopsverige/image/upload/v1642152843/cloud/243004.tiff","navCategories":[{"code":"334459","name":"Lök","superCategories":[{"code":"32361","name":"Grönsaker","superCategories":[{"code":"16534","name":"Frukt & Grönsaker","superCategories":[]}]}]}],"packageSize":100.0,"packageSizeInformation":"100 g","packageSizeUnit":"Gram","pieceWeight":0.1,"salesPrice":12.0,"salesPriceData":{"b2cPrice":12.0,"b2bPrice":10.71},"piecePrice":12.0,"piecePriceData":{"b2cPrice":12.0,"b2bPrice":10.71},"salesUnit":"Styck","comparativePriceText":"kr/kg","comparativePrice":120.0,"comparativePriceData":{"b2cPrice":120.0,"b2bPrice":107.14},"articleSold":false,"deposit":0.0,"depositData":{"b2cPrice":0.0,"b2bPrice":0.0},"vat":{"code":"vat-full-2","value":12.0,"type":"Percentage"},"animalFoodData":{},"fromSweden":false,"availableOnline":true,"countryOfOriginCodes":[{"code":"724","value":"Spanien"}],"isMagazine":false,"nutrientBasis":{},"originCountry":{"code":"SPAIN","value":"Spanien"},"replacementCountries":[],"class":"Klass 1","pharmaceuticalData":{"isPharmaceutical":false},"sustainabilityInfo":[{"productScore":[{"score":2.0,"param":"Biologisk mångfald","paramId":"biodiversity"},{"score":2.0,"param":"Klimat","paramId":"climate"},{"score":2.0,"param":"Bördighet","paramId":"soil_fertility"},{"score":2.0,"param":"Vatten","paramId":"water"},{"score":2.0,"param":"Bekämpningsmedel","paramId":"pesticides"},{"score":2.0,"param":"Övergödning","paramId":"eutrophication"},{"score":null,"param":"Djuromsorg och antibiotika","paramId":"animal_welfare_antibiotics"},{"score":2.5,"param":"Arbetsförhållanden","paramId":"working_conditions"},{"score":3.0,"param":"Lokalbefolkning","paramId":"local_population"},{"score":3.0,"param":"Lagefterlevnad och spårbarhet","paramId":"compliance_traceability"}]}],"sustainabilityInfoApplicable":true},{"id":"2339417300006","type":"Product","ean":"2339417300006","name":"Äpple Eko","description":"Produkten varierar något i storlek och vikt. När du handlar hos oss visar vi en uppskattad vikt för varan och ett pris baserat på kilopriset. Ni debiteras efter vi plockat ihop era varor den verkliga vikten. Vi garanterar att du alltid betalar för varans verkliga vikt.","imageUrl":"http://res.cloudinary.com/coopsverige/image/upload/v1646162266/cloud/182229.tiff","navCategories":[{"code":"32486","name":"Äpple","superCategories":[{"code":"32484","name":"Frukt & bär","superCategories":[{"code":"16534","name":"Frukt & Grönsaker","superCategories":[]}]}]}],"accreditedTags":[{"code":"KRAV_MARK","description":"KRAV-märkt","imageUrl":"https://res.cloudinary.com/coopsverige/image/upload/cooponline/produktmarkning/KRAVLogo.svg","priority":330}],"packageSize":185.0,"packageSizeInformation":"185 gram ungefärlig vikt","packageSizeUnit":"gram ungefärlig vikt","pieceWeight":0.185,"salesPrice":39.95,"salesPriceData":{"b2cPrice":39.95,"b2bPrice":35.67},"piecePrice":7.39,"piecePriceData":{"b2cPrice":7.39,"b2bPrice":6.6},"salesUnit":"Vikt","comparativePriceText":"kr/kg","comparativePrice":39.95,"comparativePriceData":{"b2cPrice":39.95,"b2bPrice":35.67},"articleSold":false,"deposit":0.0,"depositData":{"b2cPrice":0.0,"b2bPrice":0.0},"vat":{"code":"vat-full-2","value":12.0,"type":"Percentage"},"animalFoodData":{},"fromSweden":false,"availableOnline":true,"isMagazine":false,"nutrientBasis":{},"originCountry":{"code":"ITALY","value":"Italien"},"replacementCountries":[],"variety":"Gala","class":"Klass 1","pharmaceuticalData":{"isPharmaceutical":false},"sustainabilityInfoApplicable":true},{"id":"2339462900008","type":"Product","ean":"2339462900008","name":"Purjolök Eko","description":"Produkten varierar något i storlek och vikt. När du handlar hos oss visar vi en uppskattad vikt för varan och ett pris baserat på kilopriset. Ni debiteras efter vi plockat ihop era varor den verkliga vikten.<br> Vi garanterar att du alltid betalar för varans verkliga vikt.","imageUrl":"http://res.cloudinary.com/coopsverige/image/upload/v1440401734/50194.tiff","navCategories":[{"code":"334459","name":"Lök","superCategories":[{"code":"32361","name":"Grönsaker","superCategories":[{"code":"16534","name":"Frukt & Grönsaker","superCategories":[]}]}]}],"accreditedTags":[{"code":"EU_ORGANIC_FARMING","description":"EU Ekologiskt jordbruk","imageUrl":"https://res.cloudinary.com/coopsverige/image/upload/cooponline/produktmarkning/EUOrganicFarmingLogo.jpg","priority":210}],"packageSize":250.0,"packageSizeInformation":"250 gram ungefärlig vikt","packageSizeUnit":"gram ungefärlig vikt","pieceWeight":0.25,"salesPrice":64.95,"salesPriceData":{"b2cPrice":64.95,"b2bPrice":57.99},"piecePrice":16.24,"piecePriceData":{"b2cPrice":16.24,"b2bPrice":14.5},"salesUnit":"Vikt","comparativePriceText":"kr/kg","comparativePrice":64.95,"comparativePriceData":{"b2cPrice":64.95,"b2bPrice":57.99},"articleSold":false,"deposit":0.0,"depositData":{"b2cPrice":0.0,"b2bPrice":0.0},"vat":{"code":"vat-full-2","value":12.0,"type":"Percentage"},"animalFoodData":{},"fromSweden":false,"availableOnline":true,"countryOfOriginCodes":[{"code":"528","value":"Nederländerna"}],"isMagazine":false,"nutrientBasis":{},"originCountry":{"code":"THE NETHERLANDS","value":"Nederländerna"},"replacementCountries":[],"class":"Klass 1","pharmaceuticalData":{"isPharmaceutical":false},"sustainabilityInfo":[{"productScore":[{"score":1.0,"param":"Biologisk mångfald","paramId":"biodiversity"},{"score":1.0,"param":"Klimat","paramId":"climate"},{"score":1.0,"param":"Bördighet","paramId":"soil_fertility"},{"score":2.0,"param":"Vatten","paramId":"water"},{"score":1.0,"param":"Bekämpningsmedel","paramId":"pesticides"},{"score":1.0,"param":"Övergödning","paramId":"eutrophication"},{"score":null,"param":"Djuromsorg och antibiotika","paramId":"animal_welfare_antibiotics"},{"score":1.0,"param":"Arbetsförhållanden","paramId":"working_conditions"},{"score":1.5,"param":"Lokalbefolkning","paramId":"local_population"},{"score":1.0,"param":"Lagefterlevnad och spårbarhet","paramId":"compliance_traceability"}]}],"sustainabilityInfoApplicable":true},{"id":"2317445000006","type":"Product","ean":"2317445000006","name":"Clementiner","description":"Produkten varierar något i storlek och vikt. När du handlar hos oss visar vi en uppskattad vikt för varan och ett pris baserat på kilopriset. Ni debiteras efter vi plockat ihop era varor den verkliga vikten. Vi garanterar att du alltid betalar för varans verkliga vikt.","imageUrl":"http://res.cloudinary.com/coopsverige/image/upload/v1646723759/cloud/195112.tiff","navCategories":[{"code":"32492","name":"Citrusfrukt","superCategories":[{"code":"32484","name":"Frukt & bär","superCategories":[{"code":"16534","name":"Frukt & Grönsaker","superCategories":[]}]}]}],"packageSize":110.0,"packageSizeInformation":"110 gram ungefärlig vikt","packageSizeUnit":"gram ungefärlig vikt","pieceWeight":0.11,"salesPrice":39.95,"salesPriceData":{"b2cPrice":39.95,"b2bPrice":35.67},"piecePrice":4.39,"piecePriceData":{"b2cPrice":4.39,"b2bPrice":3.92},"salesUnit":"Vikt","comparativePriceText":"kr/kg","comparativePrice":39.95,"comparativePriceData":{"b2cPrice":39.95,"b2bPrice":35.67},"articleSold":false,"deposit":0.0,"depositData":{"b2cPrice":0.0,"b2bPrice":0.0},"vat":{"code":"vat-full-2","value":12.0,"type":"Percentage"},"animalFoodData":{},"fromSweden":false,"availableOnline":true,"isMagazine":false,"nutrientBasis":{},"originCountry":{"code":"SPAIN","value":"Spanien"},"replacementCountries":[],"variety":"Nadorcott","class":"Klass 1","pharmaceuticalData":{"isPharmaceutical":false},"sustainabilityInfo":[{"productScore":[{"score":2.0,"param":"Biologisk mångfald","paramId":"biodiversity"},{"score":2.0,"param":"Klimat","paramId":"climate"},{"score":2.0,"param":"Bördighet","paramId":"soil_fertility"},{"score":2.0,"param":"Vatten","paramId":"water"},{"score":2.0,"param":"Bekämpningsmedel","paramId":"pesticides"},{"score":2.0,"param":"Övergödning","paramId":"eutrophication"},{"score":null,"param":"Djuromsorg och antibiotika","paramId":"animal_welfare_antibiotics"},{"score":3.5,"param":"Arbetsförhållanden","paramId":"working_conditions"},{"score":4.0,"param":"Lokalbefolkning","paramId":"local_population"},{"score":4.0,"param":"Lagefterlevnad och spårbarhet","paramId":"compliance_traceability"}]}],"sustainabilityInfoApplicable":true},{"id":"8020642016407","type":"Product","ean":"8020642016407","name":"Vitlök Eko","imageUrl":"http://res.cloudinary.com/coopsverige/image/upload/v1739281602/cloud/437823.jpg","navCategories":[{"code":"334459","name":"Lök","superCategories":[{"code":"32361","name":"Grönsaker","superCategories":[{"code":"16534","name":"Frukt & Grönsaker","superCategories":[]}]}]}],"packageSizeInformation":"100 g","salesPrice":16.95,"salesPriceData":{"b2cPrice":16.95,"b2bPrice":15.13},"piecePrice":16.95,"piecePriceData":{"b2cPrice":16.95,"b2bPrice":15.13},"salesUnit":"Styck","comparativePriceText":"kr/kg","comparativePrice":169.5,"comparativePriceData":{"b2cPrice":169.5,"b2bPrice":151.34},"articleSold":false,"deposit":0.0,"depositData":{"b2cPrice":0.0,"b2bPrice":0.0},"vat":{"code":"vat-full-2","value":12.0,"type":"Percentage"},"animalFoodData":{},"fromSweden":false,"availableOnline":true,"isMagazine":false,"nutrientBasis":{},"originCountry":{"code":"SPAIN","value":"Spanien"},"replacementCountries":[],"class":"Klass 1","pharmaceuticalData":{"isPharmaceutical":false},"sustainabilityInfoApplicable":true},{"id":"7340007902161","type":"Product","ean":"7340007902161","name":"Schalottenlök","imageUrl":"http://res.cloudinary.com/coopsverige/image/upload/v1439901877/48334.tiff","navCategories":[{"code":"334459","name":"Lök","superCategories":[{"code":"32361","name":"Grönsaker","superCategories":[{"code":"16534","name":"Frukt & Grönsaker","superCategories":[]}]}]}],"packageSize":250.0,"packageSizeInformation":"250 g","packageSizeUnit":"Gram","salesPrice":32.95,"salesPriceData":{"b2cPrice":32.95,"b2bPrice":29.42},"piecePrice":32.95,"piecePriceData":{"b2cPrice":32.95,"b2bPrice":29.42},"salesUnit":"Styck","comparativePriceText":"kr/kg","comparativePrice":131.8,"comparativePriceData":{"b2cPrice":131.8,"b2bPrice":117.68},"articleSold":false,"deposit":0.0,"depositData":{"b2cPrice":0.0,"b2bPrice":0.0},"vat":{"code":"vat-full-2","value":12.0,"type":"Percentage"},"animalFoodData":{},"fromSweden":false,"availableOnline":true,"isMagazine":false,"nutrientBasis":{},"originCountry":{"code":"FRANCE","value":"Frankrike"},"replacementCountries":[],"class":"Klass 1","pharmaceuticalData":{"isPharmaceutical":false},"sustainabilityInfo":[{"productScore":[{"score":2.0,"param":"Biologisk mångfald","paramId":"biodiversity"},{"score":1.0,"param":"Klimat","paramId":"climate"},{"score":3.0,"param":"Bördighet","paramId":"soil_fertility"},{"score":1.0,"param":"Vatten","paramId":"water"},{"score":2.0,"param":"Bekämpningsmedel","paramId":"pesticides"},{"score":2.0,"param":"Övergödning","paramId":"eutrophication"},{"score":null,"param":"Djuromsorg och antibiotika","paramId":"animal_welfare_antibiotics"},{"score":1.0,"param":"Arbetsförhållanden","paramId":"working_conditions"},{"score":1.0,"param":"Lokalbefolkning","paramId":"local_population"},{"score":1.0,"param":"Lagefterlevnad och spårbarhet","paramId":"compliance_traceability"}]}],"sustainabilityInfoApplicable":true},{"id":"7340007902192","type":"Product","ean":"7340007902192","name":"Röd Lök","imageUrl":"http://res.cloudinary.com/coopsverige/image/upload/v1732263069/cloud/406666.jpg","navCategories":[{"code":"334459","name":"Lök","superCategories":[{"code":"32361","name":"Grönsaker","superCategories":[{"code":"16534","name":"Frukt & Grönsaker","superCategories":[]}]}]}],"packageSize":300.0,"packageSizeInformation":"300 g","packageSizeUnit":"Gram","salesPrice":19.95,"salesPriceData":{"b2cPrice":19.95,"b2bPrice":17.81},"piecePrice":19.95,"piecePriceData":{"b2cPrice":19.95,"b2bPrice":17.81},"salesUnit":"Styck","comparativePriceText":"kr/kg","comparativePrice":66.5,"comparativePriceData":{"b2cPrice":66.5,"b2bPrice":59.38},"articleSold":false,"deposit":0.0,"depositData":{"b2cPrice":0.0,"b2bPrice":0.0},"vat":{"code":"vat-full-2","value":12.0,"type":"Percentage"},"animalFoodData":{},"fromSweden":false,"availableOnline":true,"isMagazine":false,"nutrientBasis":{},"originCountry":{"code":"SPAIN","value":"Spanien"},"replacementCountries":[],"class":"Klass 1","pharmaceuticalData":{"isPharmaceutical":false},"sustainabilityInfo":[{"productScore":[{"score":2.0,"param":"Biologisk mångfald","paramId":"biodiversity"},{"score":1.0,"param":"Klimat","paramId":"climate"},{"score":2.0,"param":"Bördighet","paramId":"soil_fertility"},{"score":2.0,"param":"Vatten","paramId":"water"},{"score":2.0,"param":"Bekämpningsmedel","paramId":"pesticides"},{"score":2.0,"param":"Övergödning","paramId":"eutrophication"},{"score":null,"param":"Djuromsorg och antibiotika","paramId":"animal_welfare_antibiotics"},{"score":2.5,"param":"Arbetsförhållanden","paramId":"working_conditions"},{"score":3.0,"param":"Lokalbefolkning","paramId":"local_population"},{"score":3.0,"param":"Lagefterlevnad och spårbarhet","paramId":"compliance_traceability"}]}],"sustainabilityInfoApplicable":true},{"id":"7300170030313","type":"Product","ean":"7300170030313","name":"Grapefrukt Röd","description":"Produkten varierar något i storlek och vikt. När du handlar hos oss visar vi en uppskattad vikt för varan och ett pris baserat på kilopriset. Ni debiteras efter vi plockat ihop era varor den verkliga vikten. Vi garanterar att du alltid betalar för varans verkliga vikt.","imageUrl":"http://res.cloudinary.com/coopsverige/image/upload/v1580737420/392266.jpg","navCategories":[{"code":"32492","name":"Citrusfrukt","superCategories":[{"code":"32484","name":"Frukt & bär","superCategories":[{"code":"16534","name":"Frukt & Grönsaker","superCategories":[]}]}]}],"packageSize":250.0,"packageSizeInformation":"250 g","packageSizeUnit":"Gram","salesPrice":11.95,"salesPriceData":{"b2cPrice":11.95,"b2bPrice":10.67},"piecePrice":11.95,"piecePriceData":{"b2cPrice":11.95,"b2bPrice":10.67},"salesUnit":"Styck","comparativePriceText":"kr/kg","comparativePrice":47.8,"comparativePriceData":{"b2cPrice":47.8,"b2bPrice":42.68},"articleSold":false,"deposit":0.0,"depositData":{"b2cPrice":0.0,"b2bPrice":0.0},"vat":{"code":"vat-full-2","value":12.0,"type":"Percentage"},"animalFoodData":{},"onlinePromotions":[{"id":"016001_35084","price":18.0,"priceData":{"b2cPrice":18.0,"b2bPrice":16.07},"startDate":"2025-07-06T22:00:00Z","endDate":"2025-07-13T22:00:00Z","message":"GRAPE RÖD 2 FÖR 18 KR-2 för 18:-","type":"MULTI_BUY_FIXED_PRICE","numberOfProductRequired":2,"medMeraRequired":false,"priority":910,"comparativePrice":{"b2cPrice":36.0,"b2bPrice":32.14},"higherThanHistoricalPrice":false}],"fromSweden":false,"availableOnline":true,"isMagazine":false,"nutrientBasis":{},"originCountry":{"code":"SOUTH AFRICA","value":"Sydafrika"},"replacementCountries":[],"class":"Klass 1","pharmaceuticalData":{"isPharmaceutical":false},"sustainabilityInfoApplicable":true},{"id":"2317413600009","type":"Product","ean":"2317413600009","name":"Äpple","description":"Produkten varierar något i storlek och vikt. När du handlar hos oss visar vi en uppskattad vikt för varan och ett pris baserat på kilopriset. Ni debiteras efter vi plockat ihop era varor den verkliga vikten. Vi garanterar att du alltid betalar för varans verkliga vikt.","imageUrl":"http://res.cloudinary.com/coopsverige/image/upload/v1637838462/cloud/207833.tiff","navCategories":[{"code":"32486","name":"Äpple","superCategories":[{"code":"32484","name":"Frukt & bär","superCategories":[{"code":"16534","name":"Frukt & Grönsaker","superCategories":[]}]}]}],"packageSize":150.0,"packageSizeInformation":"150 gram ungefärlig vikt","packageSizeUnit":"gram ungefärlig vikt","pieceWeight":0.15,"salesPrice":31.95,"salesPriceData":{"b2cPrice":31.95,"b2bPrice":28.53},"piecePrice":4.79,"piecePriceData":{"b2cPrice":4.79,"b2bPrice":4.28},"salesUnit":"Vikt","comparativePriceText":"kr/kg","comparativePrice":31.95,"comparativePriceData":{"b2cPrice":31.95,"b2bPrice":28.53},"articleSold":false,"deposit":0.0,"depositData":{"b2cPrice":0.0,"b2bPrice":0.0},"vat":{"code":"vat-full-2","value":12.0,"type":"Percentage"},"animalFoodData":{},"fromSweden":false,"availableOnline":true,"isMagazine":false,"nutrientBasis":{},"originCountry":{"code":"ITALY","value":"Italien"},"replacementCountries":[],"variety":"Granny Smith","class":"Klass 1","pharmaceuticalData":{"isPharmaceutical":false},"sustainabilityInfoApplicable":true},{"id":"7392304211255","type":"Product","ean":"7392304211255","name":"Röd Lök 1Kg","imageUrl":"http://res.cloudinary.com/coopsverige/image/upload/v1638523352/cloud/240353.jpg","navCategories":[{"code":"334459","name":"Lök","superCategories":[{"code":"32361","name":"Grönsaker","superCategories":[{"code":"16534","name":"Frukt & Grönsaker","superCategories":[]}]}]}],"packageSize":1000.0,"packageSizeInformation":"1 KG","packageSizeUnit":"Gram","salesPrice":18.95,"salesPriceData":{"b2cPrice":18.95,"b2bPrice":16.92},"piecePrice":18.95,"piecePriceData":{"b2cPrice":18.95,"b2bPrice":16.92},"salesUnit":"Styck","comparativePriceText":"kr/kg","comparativePrice":18.95,"comparativePriceData":{"b2cPrice":18.95,"b2bPrice":16.92},"articleSold":false,"deposit":0.0,"depositData":{"b2cPrice":0.0,"b2bPrice":0.0},"vat":{"code":"vat-full-2","value":12.0,"type":"Percentage"},"animalFoodData":{},"fromSweden":false,"availableOnline":true,"isMagazine":false,"nutrientBasis":{},"originCountry":{"code":"SWEDEN","value":"Sverige"},"replacementCountries":[],"class":"Klass 1","pharmaceuticalData":{"isPharmaceutical":false},"sustainabilityInfo":[{"productScore":[{"score":2.0,"param":"Biologisk mångfald","paramId":"biodiversity"},{"score":1.0,"param":"Klimat","paramId":"climate"},{"score":1.0,"param":"Bördighet","paramId":"soil_fertility"},{"score":2.0,"param":"Vatten","paramId":"water"},{"score":2.0,"param":"Bekämpningsmedel","paramId":"pesticides"},{"score":2.0,"param":"Övergödning","paramId":"eutrophication"},{"score":null,"param":"Djuromsorg och antibiotika","paramId":"animal_welfare_antibiotics"},{"score":1.0,"param":"Arbetsförhållanden","paramId":"working_conditions"},{"score":1.0,"param":"Lokalbefolkning","paramId":"local_population"},{"score":1.0,"param":"Lagefterlevnad och spårbarhet","paramId":"compliance_traceability"}]}],"sustainabilityInfoApplicable":true},{"id":"7340007902178","type":"Product","ean":"7340007902178","name":"Vitlök","imageUrl":"http://res.cloudinary.com/coopsverige/image/upload/v1445541944/81083.tiff","navCategories":[{"code":"334459","name":"Lök","superCategories":[{"code":"32361","name":"Grönsaker","superCategories":[{"code":"16534","name":"Frukt & Grönsaker","superCategories":[]}]}]}],"packageSize":250.0,"packageSizeInformation":"250 g","packageSizeUnit":"Gram","salesPrice":39.95,"salesPriceData":{"b2cPrice":39.95,"b2bPrice":35.67},"piecePrice":39.95,"piecePriceData":{"b2cPrice":39.95,"b2bPrice":35.67},"salesUnit":"Styck","comparativePriceText":"kr/kg","comparativePrice":159.8,"comparativePriceData":{"b2cPrice":159.8,"b2bPrice":142.68},"articleSold":false,"deposit":0.0,"depositData":{"b2cPrice":0.0,"b2bPrice":0.0},"vat":{"code":"vat-full-2","value":12.0,"type":"Percentage"},"animalFoodData":{},"fromSweden":false,"availableOnline":true,"isMagazine":false,"nutrientBasis":{},"originCountry":{"code":"SPAIN","value":"Spanien"},"replacementCountries":[],"class":"Klass 1","pharmaceuticalData":{"isPharmaceutical":false},"sustainabilityInfo":[{"productScore":[{"score":2.0,"param":"Biologisk mångfald","paramId":"biodiversity"},{"score":2.0,"param":"Klimat","paramId":"climate"},{"score":2.0,"param":"Bördighet","paramId":"soil_fertility"},{"score":2.0,"param":"Vatten","paramId":"water"},{"score":2.0,"param":"Bekämpningsmedel","paramId":"pesticides"},{"score":2.0,"param":"Övergödning","paramId":"eutrophication"},{"score":null,"param":"Djuromsorg och antibiotika","paramId":"animal_welfare_antibiotics"},{"score":2.5,"param":"Arbetsförhållanden","paramId":"working_conditions"},{"score":3.0,"param":"Lokalbefolkning","paramId":"local_population"},{"score":3.0,"param":"Lagefterlevnad och spårbarhet","paramId":"compliance_traceability"}]}],"sustainabilityInfoApplicable":true},{"id":"7340007902208","type":"Product","ean":"7340007902208","name":"Silverlök","imageUrl":"http://res.cloudinary.com/coopsverige/image/upload/v1445538589/80670.tiff","navCategories":[{"code":"334459","name":"Lök","superCategories":[{"code":"32361","name":"Grönsaker","superCategories":[{"code":"16534","name":"Frukt & Grönsaker","superCategories":[]}]}]}],"packageSize":300.0,"packageSizeInformation":"300 g","packageSizeUnit":"Gram","salesPrice":24.95,"salesPriceData":{"b2cPrice":24.95,"b2bPrice":22.28},"piecePrice":24.95,"piecePriceData":{"b2cPrice":24.95,"b2bPrice":22.28},"salesUnit":"Styck","comparativePriceText":"kr/kg","comparativePrice":83.17,"comparativePriceData":{"b2cPrice":83.17,"b2bPrice":74.26},"articleSold":false,"deposit":0.0,"depositData":{"b2cPrice":0.0,"b2bPrice":0.0},"vat":{"code":"vat-full-2","value":12.0,"type":"Percentage"},"animalFoodData":{},"fromSweden":false,"availableOnline":true,"countryOfOriginCodes":[{"code":"724","value":"Spanien"}],"isMagazine":false,"nutrientBasis":{},"originCountry":{"code":"SPAIN","value":"Spanien"},"replacementCountries":[],"class":"Klass 1","pharmaceuticalData":{"isPharmaceutical":false},"sustainabilityInfo":[{"productScore":[{"score":2.0,"param":"Biologisk mångfald","paramId":"biodiversity"},{"score":1.0,"param":"Klimat","paramId":"climate"},{"score":2.0,"param":"Bördighet","paramId":"soil_fertility"},{"score":2.0,"param":"Vatten","paramId":"water"},{"score":2.0,"param":"Bekämpningsmedel","paramId":"pesticides"},{"score":2.0,"param":"Övergödning","paramId":"eutrophication"},{"score":null,"param":"Djuromsorg och antibiotika","paramId":"animal_welfare_antibiotics"},{"score":1.0,"param":"Arbetsförhållanden","paramId":"working_conditions"},{"score":1.0,"param":"Lokalbefolkning","paramId":"local_population"},{"score":1.0,"param":"Lagefterlevnad och spårbarhet","paramId":"compliance_traceability"}]}],"sustainabilityInfoApplicable":true},{"id":"7340007901201","type":"Product","ean":"7340007901201","name":"Gul Lök Knippa","imageUrl":"http://res.cloudinary.com/coopsverige/image/upload/v1629190950/cloud/232123.jpg","navCategories":[{"code":"334459","name":"Lök","superCategories":[{"code":"32361","name":"Grönsaker","superCategories":[{"code":"16534","name":"Frukt & Grönsaker","superCategories":[]}]}]}],"packageSize":250.0,"packageSizeInformation":"250 gram ungefärlig vikt","packageSizeUnit":"gram ungefärlig vikt","pieceWeight":0.25,"salesPrice":21.95,"salesPriceData":{"b2cPrice":21.95,"b2bPrice":19.6},"piecePrice":21.95,"piecePriceData":{"b2cPrice":21.95,"b2bPrice":19.6},"salesUnit":"Styck","comparativePriceText":"kr/kg","comparativePrice":87.8,"comparativePriceData":{"b2cPrice":87.8,"b2bPrice":78.39},"articleSold":false,"deposit":0.0,"depositData":{"b2cPrice":0.0,"b2bPrice":0.0},"vat":{"code":"vat-full-2","value":12.0,"type":"Percentage"},"animalFoodData":{},"fromSweden":false,"availableOnline":true,"countryOfOriginCodes":[{"code":"528","value":"Nederländerna"}],"isMagazine":false,"nutrientBasis":{},"originCountry":{"code":"ITALY","value":"Italien"},"replacementCountries":[],"class":"Klass 1","pharmaceuticalData":{"isPharmaceutical":false},"sustainabilityInfo":[{"productScore":[{"score":2.0,"param":"Biologisk mångfald","paramId":"biodiversity"},{"score":1.0,"param":"Klimat","paramId":"climate"},{"score":2.5,"param":"Bördighet","paramId":"soil_fertility"},{"score":1.5,"param":"Vatten","paramId":"water"},{"score":2.0,"param":"Bekämpningsmedel","paramId":"pesticides"},{"score":2.0,"param":"Övergödning","paramId":"eutrophication"},{"score":null,"param":"Djuromsorg och antibiotika","paramId":"animal_welfare_antibiotics"},{"score":1.0,"param":"Arbetsförhållanden","paramId":"working_conditions"},{"score":1.0,"param":"Lokalbefolkning","paramId":"local_population"},{"score":1.0,"param":"Lagefterlevnad och spårbarhet","paramId":"compliance_traceability"}]}],"sustainabilityInfoApplicable":true},{"id":"7340007902215","type":"Product","ean":"7340007902215","name":"Steklök","imageUrl":"http://res.cloudinary.com/coopsverige/image/upload/v1649316039/cloud/31723.tiff","navCategories":[{"code":"334459","name":"Lök","superCategories":[{"code":"32361","name":"Grönsaker","superCategories":[{"code":"16534","name":"Frukt & Grönsaker","superCategories":[]}]}]}],"packageSize":250.0,"packageSizeInformation":"250 g","packageSizeUnit":"Gram","salesPrice":17.95,"salesPriceData":{"b2cPrice":17.95,"b2bPrice":16.03},"piecePrice":17.95,"piecePriceData":{"b2cPrice":17.95,"b2bPrice":16.03},"salesUnit":"Styck","comparativePriceText":"kr/kg","comparativePrice":71.8,"comparativePriceData":{"b2cPrice":71.8,"b2bPrice":64.11},"articleSold":false,"deposit":0.0,"depositData":{"b2cPrice":0.0,"b2bPrice":0.0},"vat":{"code":"vat-full-2","value":12.0,"type":"Percentage"},"animalFoodData":{},"fromSweden":false,"availableOnline":true,"isMagazine":false,"nutrientBasis":{},"originCountry":{"code":"SPAIN","value":"Spanien"},"replacementCountries":[],"class":"Klass 1","pharmaceuticalData":{"isPharmaceutical":false},"sustainabilityInfo":[{"productScore":[{"score":3.5,"param":"Biologisk mångfald","paramId":"biodiversity"},{"score":1.0,"param":"Klimat","paramId":"climate"},{"score":2.5,"param":"Bördighet","paramId":"soil_fertility"},{"score":1.5,"param":"Vatten","paramId":"water"},{"score":2.0,"param":"Bekämpningsmedel","paramId":"pesticides"},{"score":2.5,"param":"Övergödning","paramId":"eutrophication"},{"score":null,"param":"Djuromsorg och antibiotika","paramId":"animal_welfare_antibiotics"},{"score":1.0,"param":"Arbetsförhållanden","paramId":"working_conditions"},{"score":1.0,"param":"Lokalbefolkning","paramId":"local_population"},{"score":1.0,"param":"Lagefterlevnad och spårbarhet","paramId":"compliance_traceability"}]}],"sustainabilityInfoApplicable":true},{"id":"3593242541242","type":"Product","ean":"3593242541242","name":"Bananscharlottenlök","imageUrl":"http://res.cloudinary.com/coopsverige/image/upload/v1440063750/49778.tiff","navCategories":[{"code":"334459","name":"Lök","superCategories":[{"code":"32361","name":"Grönsaker","superCategories":[{"code":"16534","name":"Frukt & Grönsaker","superCategories":[]}]}]}],"packageSize":250.0,"packageSizeInformation":"250 gram ungefärlig vikt","packageSizeUnit":"gram ungefärlig vikt","pieceWeight":0.25,"salesPrice":34.95,"salesPriceData":{"b2cPrice":34.95,"b2bPrice":31.21},"piecePrice":34.95,"piecePriceData":{"b2cPrice":34.95,"b2bPrice":31.21},"salesUnit":"Styck","comparativePriceText":"kr/kg","comparativePrice":139.8,"comparativePriceData":{"b2cPrice":139.8,"b2bPrice":124.82},"articleSold":false,"deposit":0.0,"depositData":{"b2cPrice":0.0,"b2bPrice":0.0},"vat":{"code":"vat-full-2","value":12.0,"type":"Percentage"},"animalFoodData":{},"fromSweden":false,"availableOnline":true,"countryOfOriginCodes":[{"code":"250","value":"Frankrike"}],"isMagazine":false,"nutrientBasis":{},"originCountry":{"code":"FRANCE","value":"Frankrike"},"replacementCountries":[],"class":"Klass 1","pharmaceuticalData":{"isPharmaceutical":false},"sustainabilityInfoApplicable":true},{"id":"8716237000585","type":"Product","ean":"8716237000585","name":"Vitlök","imageUrl":"http://res.cloudinary.com/coopsverige/image/upload/v1747204517/cloud/478618.tiff","navCategories":[{"code":"334459","name":"Lök","superCategories":[{"code":"32361","name":"Grönsaker","superCategories":[{"code":"16534","name":"Frukt & Grönsaker","superCategories":[]}]}]}],"packageSizeInformation":"250 g","salesPrice":44.95,"salesPriceData":{"b2cPrice":44.95,"b2bPrice":40.13},"piecePrice":44.95,"piecePriceData":{"b2cPrice":44.95,"b2bPrice":40.13},"salesUnit":"Styck","comparativePriceText":"kr/kg","comparativePrice":179.8,"comparativePriceData":{"b2cPrice":179.8,"b2bPrice":160.54},"articleSold":false,"deposit":0.0,"depositData":{"b2cPrice":0.0,"b2bPrice":0.0},"vat":{"code":"vat-full-2","value":12.0,"type":"Percentage"},"animalFoodData":{},"fromSweden":false,"availableOnline":true,"isMagazine":false,"nutrientBasis":{},"originCountry":{"code":"CHINA","value":"Kina"},"replacementCountries":[],"variety":"Supersolo","class":"Klass 1","pharmaceuticalData":{"isPharmaceutical":false},"sustainabilityInfoApplicable":true},{"id":"7300170046703","type":"Product","ean":"7300170046703","name":"Rödlök Knippe","imageUrl":"http://res.cloudinary.com/coopsverige/image/upload/v1650526486/cloud/251131.jpg","navCategories":[{"code":"334459","name":"Lök","superCategories":[{"code":"32361","name":"Grönsaker","superCategories":[{"code":"16534","name":"Frukt & Grönsaker","superCategories":[]}]}]}],"packageSize":500.0,"packageSizeInformation":"500 gram ungefärlig vikt","packageSizeUnit":"gram ungefärlig vikt","pieceWeight":0.5,"salesPrice":22.95,"salesPriceData":{"b2cPrice":22.95,"b2bPrice":20.49},"piecePrice":22.95,"piecePriceData":{"b2cPrice":22.95,"b2bPrice":20.49},"salesUnit":"Styck","comparativePriceText":"kr/kg","comparativePrice":45.9,"comparativePriceData":{"b2cPrice":45.9,"b2bPrice":40.98},"articleSold":false,"deposit":0.0,"depositData":{"b2cPrice":0.0,"b2bPrice":0.0},"vat":{"code":"vat-full-2","value":12.0,"type":"Percentage"},"animalFoodData":{},"fromSweden":false,"availableOnline":true,"isMagazine":false,"nutrientBasis":{},"originCountry":{"code":"SWEDEN","value":"Sverige"},"replacementCountries":[],"class":"Klass 1","pharmaceuticalData":{"isPharmaceutical":false},"sustainabilityInfoApplicable":true},{"id":"2317406100004","type":"Product","ean":"2317406100004","name":"Isbergsallat","description":"Produkten varierar något i storlek och vikt. När du handlar hos oss visar vi en uppskattad vikt för varan och ett pris baserat på kilopriset. Ni debiteras efter vi plockat ihop era varor den verkliga vikten.<br> Vi garanterar att du alltid betalar för varans verkliga vikt.","imageUrl":"http://res.cloudinary.com/coopsverige/image/upload/v1440062755/49628.tiff","navCategories":[{"code":"32456","name":"Sallad & Groddar","superCategories":[{"code":"32361","name":"Grönsaker","superCategories":[{"code":"16534","name":"Frukt & Grönsaker","superCategories":[]}]}]}],"packageSize":525.0,"packageSizeInformation":"525 gram ungefärlig vikt","packageSizeUnit":"gram ungefärlig vikt","pieceWeight":0.525,"salesPrice":24.95,"salesPriceData":{"b2cPrice":24.95,"b2bPrice":22.28},"piecePrice":13.1,"piecePriceData":{"b2cPrice":13.1,"b2bPrice":11.7},"salesUnit":"Vikt","comparativePriceText":"kr/kg","comparativePrice":24.95,"comparativePriceData":{"b2cPrice":24.95,"b2bPrice":22.28},"articleSold":false,"deposit":0.0,"depositData":{"b2cPrice":0.0,"b2bPrice":0.0},"vat":{"code":"vat-full-2","value":12.0,"type":"Percentage"},"animalFoodData":{},"fromSweden":false,"availableOnline":true,"isMagazine":false,"nutrientBasis":{},"originCountry":{"code":"SWEDEN","value":"Sverige"},"replacementCountries":[],"class":"Klass 1","pharmaceuticalData":{"isPharmaceutical":false},"sustainabilityInfo":[{"productScore":[{"score":2.0,"param":"Biologisk mångfald","paramId":"biodiversity"},{"score":1.0,"param":"Klimat","paramId":"climate"},{"score":2.0,"param":"Bördighet","paramId":"soil_fertility"},{"score":2.0,"param":"Vatten","paramId":"water"},{"score":2.0,"param":"Bekämpningsmedel","paramId":"pesticides"},{"score":2.0,"param":"Övergödning","paramId":"eutrophication"},{"score":null,"param":"Djuromsorg och antibiotika","paramId":"animal_welfare_antibiotics"},{"score":2.0,"param":"Arbetsförhållanden","paramId":"working_conditions"},{"score":2.5,"param":"Lokalbefolkning","paramId":"local_population"},{"score":1.0,"param":"Lagefterlevnad och spårbarhet","paramId":"compliance_traceability"}]}],"sustainabilityInfoApplicable":true},{"id":"2317468900000","type":"Product","ean":"2317468900000","name":"Paprika Gul","description":"Produkten varierar något i storlek och vikt. När du handlar hos oss visar vi en uppskattad vikt för varan och ett pris baserat på kilopriset. Ni debiteras efter vi plockat ihop era varor den verkliga vikten.<br> Vi garanterar att du alltid betalar för varans verkliga vikt.","imageUrl":"http://res.cloudinary.com/coopsverige/image/upload/v1440063224/49695.tiff","navCategories":[{"code":"198002","name":"Paprika","superCategories":[{"code":"32361","name":"Grönsaker","superCategories":[{"code":"16534","name":"Frukt & Grönsaker","superCategories":[]}]}]}],"packageSize":225.0,"packageSizeInformation":"225 gram ungefärlig vikt","packageSizeUnit":"gram ungefärlig vikt","pieceWeight":0.225,"salesPrice":44.95,"salesPriceData":{"b2cPrice":44.95,"b2bPrice":40.13},"piecePrice":10.11,"piecePriceData":{"b2cPrice":10.11,"b2bPrice":9.03},"promotionPrice":8.78,"promotionPriceData":{"b2cPrice":8.78,"b2bPrice":7.84},"salesUnit":"Vikt","comparativePriceText":"kr/kg","comparativePrice":44.95,"comparativePriceData":{"b2cPrice":44.95,"b2bPrice":40.13},"articleSold":false,"deposit":0.0,"depositData":{"b2cPrice":0.0,"b2bPrice":0.0},"vat":{"code":"vat-full-2","value":12.0,"type":"Percentage"},"animalFoodData":{},"onlinePromotions":[{"id":"016001_135741","price":39.0,"priceData":{"b2cPrice":39.0,"b2bPrice":34.82},"piecePrice":8.78,"piecePriceData":{"b2cPrice":8.78,"b2bPrice":7.84},"startDate":"2025-07-06T22:00:00Z","endDate":"2025-07-13T22:00:00Z","message":"Paprika Gul-39:- /kg","type":"FIXED_PRICE","medMeraRequired":false,"priority":930,"comparativePrice":{"b2cPrice":39.0,"b2bPrice":34.82},"higherThanHistoricalPrice":false}],"fromSweden":false,"availableOnline":true,"isMagazine":false,"nutrientBasis":{},"originCountry":{"code":"THE NETHERLANDS","value":"Nederländerna"},"replacementCountries":[],"class":"Klass 1","pharmaceuticalData":{"isPharmaceutical":false},"sustainabilityInfo":[{"productScore":[{"score":2.0,"param":"Biologisk mångfald","paramId":"biodiversity"},{"score":2.0,"param":"Klimat","paramId":"climate"},{"score":2.0,"param":"Bördighet","paramId":"soil_fertility"},{"score":2.0,"param":"Vatten","paramId":"water"},{"score":2.0,"param":"Bekämpningsmedel","paramId":"pesticides"},{"score":2.0,"param":"Övergödning","paramId":"eutrophication"},{"score":null,"param":"Djuromsorg och antibiotika","paramId":"animal_welfare_antibiotics"},{"score":1.5,"param":"Arbetsförhållanden","paramId":"working_conditions"},{"score":2.0,"param":"Lokalbefolkning","paramId":"local_population"},{"score":2.0,"param":"Lagefterlevnad och spårbarhet","paramId":"compliance_traceability"}]}],"sustainabilityInfoApplicable":true},{"id":"2317472800006","type":"Product","ean":"2317472800006","name":"Potatis Fast","description":"Produkten varierar något i storlek och vikt. När du handlar hos oss visar vi en uppskattad vikt för varan och ett pris baserat på kilopriset. Ni debiteras efter vi plockat ihop era varor den verkliga vikten.<br> Vi garanterar att du alltid betalar för varans verkliga vikt.","imageUrl":"http://res.cloudinary.com/coopsverige/image/upload/v1443466186/50203.tiff","navCategories":[{"code":"32466","name":"Potatis","superCategories":[{"code":"32361","name":"Grönsaker","superCategories":[{"code":"16534","name":"Frukt & Grönsaker","superCategories":[]}]}]}],"packageSizeInformation":"gram","packageSizeUnit":"Gram","pieceWeight":1.0,"salesPrice":19.95,"salesPriceData":{"b2cPrice":19.95,"b2bPrice":17.81},"piecePrice":19.95,"piecePriceData":{"b2cPrice":19.95,"b2bPrice":17.81},"salesUnit":"Vikt","comparativePriceText":"kr/kg","comparativePrice":19.95,"comparativePriceData":{"b2cPrice":19.95,"b2bPrice":17.81},"articleSold":false,"deposit":0.0,"depositData":{"b2cPrice":0.0,"b2bPrice":0.0},"vat":{"code":"vat-full-2","value":12.0,"type":"Percentage"},"animalFoodData":{},"variances":[{"code":"ca1000g_2317472800006","name":"Ca 1000 g","quantity":1.0,"unit":"kilogram","price":19.95,"priceData":{"b2cPrice":19.95,"b2bPrice":17.81}},{"code":"ca100g_2317472800006","name":"Ca 100 g","quantity":0.1,"unit":"kilogram","price":2.0,"priceData":{"b2cPrice":2.0,"b2bPrice":1.79}},{"code":"ca300g_2317472800006","name":"Ca 300 g","quantity":0.3,"unit":"kilogram","price":5.99,"priceData":{"b2cPrice":5.99,"b2bPrice":5.35}},{"code":"ca800g_2317472800006","name":"Ca 800 g","quantity":0.8,"unit":"kilogram","price":15.96,"priceData":{"b2cPrice":15.96,"b2bPrice":14.25}},{"code":"ca2000g_2317472800006","name":"Ca 2000 g","quantity":2.0,"unit":"kilogram","price":39.9,"priceData":{"b2cPrice":39.9,"b2bPrice":35.63}},{"code":"ca500g_2317472800006","name":"Ca 500 g","quantity":0.5,"unit":"kilogram","price":9.98,"priceData":{"b2cPrice":9.98,"b2bPrice":8.91}},{"code":"ca1500g_2317472800006","name":"ca 1500 g","quantity":1.5,"unit":"kilogram","price":29.93,"priceData":{"b2cPrice":29.93,"b2bPrice":26.72}}],"fromSweden":false,"availableOnline":true,"isMagazine":false,"nutrientBasis":{},"originCountry":{"code":"SWEDEN","value":"Sverige"},"replacementCountries":[],"variety":"Belana","class":"Klass 1","pharmaceuticalData":{"isPharmaceutical":false},"sustainabilityInfo":[{"productScore":[{"score":2.0,"param":"Biologisk mångfald","paramId":"biodiversity"},{"score":1.0,"param":"Klimat","paramId":"climate"},{"score":3.0,"param":"Bördighet","paramId":"soil_fertility"},{"score":1.0,"param":"Vatten","paramId":"water"},{"score":2.0,"param":"Bekämpningsmedel","paramId":"pesticides"},{"score":2.0,"param":"Övergödning","paramId":"eutrophication"},{"score":null,"param":"Djuromsorg och antibiotika","paramId":"animal_welfare_antibiotics"},{"score":1.0,"param":"Arbetsförhållanden","paramId":"working_conditions"},{"score":1.0,"param":"Lokalbefolkning","paramId":"local_population"},{"score":1.0,"param":"Lagefterlevnad och spårbarhet","paramId":"compliance_traceability"}]}],"sustainabilityInfoApplicable":true},{"id":"7300156596734","type":"Product","ean":"7300156596734","name":"Lök Gul","manufacturerName":"COOP","imageUrl":"http://res.cloudinary.com/coopsverige/image/upload/v1699258907/cloud/297908.jpg","navCategories":[{"code":"334459","name":"Lök","superCategories":[{"code":"32361","name":"Grönsaker","superCategories":[{"code":"16534","name":"Frukt & Grönsaker","superCategories":[]}]}]}],"packageSize":1000.0,"packageSizeInformation":"1000 gram","packageSizeUnit":"Gram","salesPrice":14.95,"salesPriceData":{"b2cPrice":14.95,"b2bPrice":13.35},"piecePrice":14.95,"piecePriceData":{"b2cPrice":14.95,"b2bPrice":13.35},"salesUnit":"Styck","comparativePriceText":"kr/kg","comparativePrice":14.95,"comparativePriceData":{"b2cPrice":14.95,"b2bPrice":13.35},"articleSold":false,"deposit":0.0,"depositData":{"b2cPrice":0.0,"b2bPrice":0.0},"vat":{"code":"vat-full-2","value":12.0,"type":"Percentage"},"animalFoodData":{},"fromSweden":false,"availableOnline":true,"isMagazine":false,"nutrientBasis":{},"originCountry":{"code":"SWEDEN","value":"Sverige"},"replacementCountries":[],"class":"Klass 1","pharmaceuticalData":{"isPharmaceutical":false},"sustainabilityInfoApplicable":true},{"id":"7300156598967","type":"Product","ean":"7300156598967","name":"Snacktomater","manufacturerName":"COOP","imageUrl":"http://res.cloudinary.com/coopsverige/image/upload/v1727181886/cloud/388638.jpg","navCategories":[{"code":"32408","name":"Tomat","superCategories":[{"code":"32361","name":"Grönsaker","superCategories":[{"code":"16534","name":"Frukt & Grönsaker","superCategories":[]}]}]}],"packageSize":425.0,"packageSizeInformation":"425 gram","packageSizeUnit":"Gram","salesPrice":36.95,"salesPriceData":{"b2cPrice":36.95,"b2bPrice":32.99},"piecePrice":36.95,"piecePriceData":{"b2cPrice":36.95,"b2bPrice":32.99},"salesUnit":"Styck","comparativePriceText":"kr/kg","comparativePrice":92.38,"comparativePriceData":{"b2cPrice":92.38,"b2bPrice":82.48},"articleSold":false,"deposit":0.0,"depositData":{"b2cPrice":0.0,"b2bPrice":0.0},"vat":{"code":"vat-full-2","value":12.0,"type":"Percentage"},"animalFoodData":{},"fromSweden":false,"availableOnline":true,"isMagazine":false,"nutrientBasis":{},"originCountry":{"code":"MOROCCO","value":"Marocko"},"replacementCountries":[{"code":"MOROCCO","value":"Marocko"},{"code":"SPAIN","value":"Spanien"}],"class":"Klass 1","pharmaceuticalData":{"isPharmaceutical":false},"sustainabilityInfoApplicable":true},{"id":"7300156596727","type":"Product","ean":"7300156596727","name":"Lök Gul Eko","manufacturerName":"Änglamark","imageUrl":"http://res.cloudinary.com/coopsverige/image/upload/v1696486376/cloud/292402.png","navCategories":[{"code":"334459","name":"Lök","superCategories":[{"code":"32361","name":"Grönsaker","superCategories":[{"code":"16534","name":"Frukt & Grönsaker","superCategories":[]}]}]}],"accreditedTags":[{"code":"EU_ORGANIC_FARMING","description":"EU Ekologiskt jordbruk","imageUrl":"https://res.cloudinary.com/coopsverige/image/upload/cooponline/produktmarkning/EUOrganicFarmingLogo.jpg","priority":210},{"code":"KRAV_MARK","description":"KRAV-märkt","imageUrl":"https://res.cloudinary.com/coopsverige/image/upload/cooponline/produktmarkning/KRAVLogo.svg","priority":330}],"packageSize":500.0,"packageSizeInformation":"500 gram","packageSizeUnit":"Gram","salesPrice":16.95,"salesPriceData":{"b2cPrice":16.95,"b2bPrice":15.13},"piecePrice":16.95,"piecePriceData":{"b2cPrice":16.95,"b2bPrice":15.13},"salesUnit":"Styck","comparativePriceText":"kr/kg","comparativePrice":33.9,"comparativePriceData":{"b2cPrice":33.9,"b2bPrice":30.27},"articleSold":false,"deposit":0.0,"depositData":{"b2cPrice":0.0,"b2bPrice":0.0},"vat":{"code":"vat-full-2","value":12.0,"type":"Percentage"},"animalFoodData":{},"fromSweden":false,"availableOnline":true,"isMagazine":false,"nutrientBasis":{},"originCountry":{"code":"SWEDEN","value":"Sverige"},"replacementCountries":[],"class":"Klass 1","pharmaceuticalData":{"isPharmaceutical":false},"sustainabilityInfoApplicable":true},{"id":"7300156476319","type":"Product","ean":"7300156476319","name":"Morötter","manufacturerName":"COOP","imageUrl":"http://res.cloudinary.com/coopsverige/image/upload/v1727183794/cloud/388677.jpg","navCategories":[{"code":"32470","name":"Morötter","superCategories":[{"code":"32361","name":"Grönsaker","superCategories":[{"code":"16534","name":"Frukt & Grönsaker","superCategories":[]}]}]}],"packageSize":1000.0,"packageSizeInformation":"1000 gram","packageSizeUnit":"Gram","salesPrice":17.95,"salesPriceData":{"b2cPrice":17.95,"b2bPrice":16.03},"piecePrice":17.95,"piecePriceData":{"b2cPrice":17.95,"b2bPrice":16.03},"salesUnit":"Styck","comparativePriceText":"kr/kg","comparativePrice":17.95,"comparativePriceData":{"b2cPrice":17.95,"b2bPrice":16.03},"articleSold":false,"deposit":0.0,"depositData":{"b2cPrice":0.0,"b2bPrice":0.0},"vat":{"code":"vat-full-2","value":12.0,"type":"Percentage"},"animalFoodData":{},"fromSweden":false,"availableOnline":true,"isMagazine":false,"nutrientBasis":{},"originCountry":{"code":"SWEDEN","value":"Sverige"},"replacementCountries":[],"pharmaceuticalData":{"isPharmaceutical":false},"sustainabilityInfoApplicable":true},{"id":"7312730103320","type":"Product","ean":"7312730103320","name":"Cocktailtomat","imageUrl":"http://res.cloudinary.com/coopsverige/image/upload/v1643183386/cloud/12021.tiff","navCategories":[{"code":"32408","name":"Tomat","superCategories":[{"code":"32361","name":"Grönsaker","superCategories":[{"code":"16534","name":"Frukt & Grönsaker","superCategories":[]}]}]}],"packageSizeInformation":"500 gr","salesPrice":37.95,"salesPriceData":{"b2cPrice":37.95,"b2bPrice":33.88},"piecePrice":37.95,"piecePriceData":{"b2cPrice":37.95,"b2bPrice":33.88},"salesUnit":"Styck","comparativePriceText":"kr/kg","comparativePrice":37.95,"comparativePriceData":{"b2cPrice":37.95,"b2bPrice":33.88},"articleSold":false,"deposit":0.0,"depositData":{"b2cPrice":0.0,"b2bPrice":0.0},"vat":{"code":"vat-full-2","value":12.0,"type":"Percentage"},"animalFoodData":{},"fromSweden":false,"availableOnline":true,"isMagazine":false,"nutrientBasis":{},"originCountry":{"code":"SPAIN","value":"Spanien"},"replacementCountries":[],"class":"Klass 1","pharmaceuticalData":{"isPharmaceutical":false},"sustainabilityInfoApplicable":true},{"id":"7340007914676","type":"Product","ean":"7340007914676","name":"Tomat 170Gr","imageUrl":"http://res.cloudinary.com/coopsverige/image/upload/v1608737556/415749.jpg","navCategories":[{"code":"32408","name":"Tomat","superCategories":[{"code":"32361","name":"Grönsaker","superCategories":[{"code":"16534","name":"Frukt & Grönsaker","superCategories":[]}]}]}],"packageSize":170.0,"packageSizeInformation":"170 gram ungefärlig vikt","packageSizeUnit":"gram ungefärlig vikt","pieceWeight":0.17,"salesPrice":29.95,"salesPriceData":{"b2cPrice":29.95,"b2bPrice":26.74},"piecePrice":29.95,"piecePriceData":{"b2cPrice":29.95,"b2bPrice":26.74},"salesUnit":"Styck","comparativePriceText":"kr/kg","comparativePrice":176.18,"comparativePriceData":{"b2cPrice":176.18,"b2bPrice":157.3},"articleSold":false,"deposit":0.0,"depositData":{"b2cPrice":0.0,"b2bPrice":0.0},"vat":{"code":"vat-full-2","value":12.0,"type":"Percentage"},"animalFoodData":{},"fromSweden":false,"availableOnline":true,"countryOfOriginCodes":[{"code":"056","value":"Belgien"}],"isMagazine":false,"nutrientBasis":{},"originCountry":{"code":"BELGIUM","value":"Belgien"},"replacementCountries":[],"variety":"Delikata","class":"Klass 1","sustainabilityInfo":[{"productScore":[{"score":2.0,"param":"Biologisk mångfald","paramId":"biodiversity"},{"score":2.0,"param":"Klimat","paramId":"climate"},{"score":1.5,"param":"Bördighet","paramId":"soil_fertility"},{"score":2.0,"param":"Vatten","paramId":"water"},{"score":2.0,"param":"Bekämpningsmedel","paramId":"pesticides"},{"score":2.0,"param":"Övergödning","paramId":"eutrophication"},{"score":null,"param":"Djuromsorg och antibiotika","paramId":"animal_welfare_antibiotics"},{"score":2.0,"param":"Arbetsförhållanden","paramId":"working_conditions"},{"score":1.5,"param":"Lokalbefolkning","paramId":"local_population"},{"score":2.0,"param":"Lagefterlevnad och spårbarhet","paramId":"compliance_traceability"}]}],"sustainabilityInfoApplicable":true},{"id":"7340007910494","type":"Product","ean":"7340007910494","name":"Bärnstenstomater ","imageUrl":"http://res.cloudinary.com/coopsverige/image/upload/v1749020486/cloud/486566.png","navCategories":[{"code":"32408","name":"Tomat","superCategories":[{"code":"32361","name":"Grönsaker","superCategories":[{"code":"16534","name":"Frukt & Grönsaker","superCategories":[]}]}]}],"packageSizeInformation":"300 g","salesPrice":38.95,"salesPriceData":{"b2cPrice":38.95,"b2bPrice":34.78},"piecePrice":38.95,"piecePriceData":{"b2cPrice":38.95,"b2bPrice":34.78},"salesUnit":"Styck","comparativePriceText":"kr/kg","comparativePrice":129.83,"comparativePriceData":{"b2cPrice":129.83,"b2bPrice":115.92},"articleSold":false,"deposit":0.0,"depositData":{"b2cPrice":0.0,"b2bPrice":0.0},"vat":{"code":"vat-full-2","value":12.0,"type":"Percentage"},"animalFoodData":{},"fromSweden":false,"availableOnline":true,"isMagazine":false,"nutrientBasis":{},"originCountry":{"code":"SWEDEN","value":"Sverige"},"replacementCountries":[],"class":"Klass 1","pharmaceuticalData":{"isPharmaceutical":false},"sustainabilityInfo":[{"productScore":[{"score":2.0,"param":"Biologisk mångfald","paramId":"biodiversity"},{"score":1.0,"param":"Klimat","paramId":"climate"},{"score":3.0,"param":"Bördighet","paramId":"soil_fertility"},{"score":1.0,"param":"Vatten","paramId":"water"},{"score":2.0,"param":"Bekämpningsmedel","paramId":"pesticides"},{"score":2.0,"param":"Övergödning","paramId":"eutrophication"},{"score":null,"param":"Djuromsorg och antibiotika","paramId":"animal_welfare_antibiotics"},{"score":1.0,"param":"Arbetsförhållanden","paramId":"working_conditions"},{"score":1.0,"param":"Lokalbefolkning","paramId":"local_population"},{"score":1.0,"param":"Lagefterlevnad och spårbarhet","paramId":"compliance_traceability"}]}],"sustainabilityInfoApplicable":true},{"id":"7300156598226","type":"Product","ean":"7300156598226","name":"Lök Mix","manufacturerName":"COOP","imageUrl":"http://res.cloudinary.com/coopsverige/image/upload/v1718101894/cloud/363891.jpg","navCategories":[{"code":"334459","name":"Lök","superCategories":[{"code":"32361","name":"Grönsaker","superCategories":[{"code":"16534","name":"Frukt & Grönsaker","superCategories":[]}]}]}],"packageSize":1005.0,"packageSizeInformation":"1005 gram","packageSizeUnit":"Gram","salesPrice":20.0,"salesPriceData":{"b2cPrice":20.0,"b2bPrice":17.86},"piecePrice":20.0,"piecePriceData":{"b2cPrice":20.0,"b2bPrice":17.86},"salesUnit":"Styck","comparativePriceText":"kr/kg","comparativePrice":20.0,"comparativePriceData":{"b2cPrice":20.0,"b2bPrice":17.86},"articleSold":false,"deposit":0.0,"depositData":{"b2cPrice":0.0,"b2bPrice":0.0},"vat":{"code":"vat-full-2","value":12.0,"type":"Percentage"},"animalFoodData":{},"fromSweden":false,"availableOnline":true,"isMagazine":false,"nutrientBasis":{},"originCountry":{"code":"SWEDEN","value":"Sverige"},"replacementCountries":[],"class":"Klass 1","pharmaceuticalData":{"isPharmaceutical":false},"sustainabilityInfoApplicable":true},{"id":"7340007915802","type":"Product","ean":"7340007915802","name":"Tomater Mix Gourmet  ","imageUrl":"http://res.cloudinary.com/coopsverige/image/upload/v1591770225/401222.tiff","navCategories":[{"code":"32408","name":"Tomat","superCategories":[{"code":"32361","name":"Grönsaker","superCategories":[{"code":"16534","name":"Frukt & Grönsaker","superCategories":[]}]}]}],"packageSize":300.0,"packageSizeInformation":"250 GR","packageSizeUnit":"g","salesPrice":34.95,"salesPriceData":{"b2cPrice":34.95,"b2bPrice":31.21},"piecePrice":34.95,"piecePriceData":{"b2cPrice":34.95,"b2bPrice":31.21},"salesUnit":"Styck","comparativePriceText":"kr/kg","comparativePrice":139.8,"comparativePriceData":{"b2cPrice":139.8,"b2bPrice":124.82},"articleSold":false,"deposit":0.0,"depositData":{"b2cPrice":0.0,"b2bPrice":0.0},"vat":{"code":"vat-full-2","value":12.0,"type":"Percentage"},"animalFoodData":{},"fromSweden":false,"availableOnline":true,"isMagazine":false,"nutrientBasis":{},"originCountry":{"code":"SWEDEN","value":"Sverige"},"replacementCountries":[],"class":"Klass 1","sustainabilityInfo":[{"productScore":[{"score":2.0,"param":"Biologisk mångfald","paramId":"biodiversity"},{"score":1.0,"param":"Klimat","paramId":"climate"},{"score":3.0,"param":"Bördighet","paramId":"soil_fertility"},{"score":1.0,"param":"Vatten","paramId":"water"},{"score":2.0,"param":"Bekämpningsmedel","paramId":"pesticides"},{"score":2.0,"param":"Övergödning","paramId":"eutrophication"},{"score":null,"param":"Djuromsorg och antibiotika","paramId":"animal_welfare_antibiotics"},{"score":1.0,"param":"Arbetsförhållanden","paramId":"working_conditions"},{"score":1.0,"param":"Lokalbefolkning","paramId":"local_population"},{"score":1.0,"param":"Lagefterlevnad och spårbarhet","paramId":"compliance_traceability"}]}],"sustainabilityInfoApplicable":true},{"id":"5400357017419","type":"Product","ean":"5400357017419","name":"Bifftomat grill grönt 2-pack","imageUrl":"http://res.cloudinary.com/coopsverige/image/upload/v1750840687/cloud/493544.jpg","navCategories":[{"code":"32408","name":"Tomat","superCategories":[{"code":"32361","name":"Grönsaker","superCategories":[{"code":"16534","name":"Frukt & Grönsaker","superCategories":[]}]}]}],"packageSize":400.0,"packageSizeInformation":"Ca 400 g","packageSizeUnit":"Gram","salesPrice":34.95,"salesPriceData":{"b2cPrice":34.95,"b2bPrice":31.21},"piecePrice":34.95,"piecePriceData":{"b2cPrice":34.95,"b2bPrice":31.21},"salesUnit":"Styck","comparativePriceText":"kr/kg","comparativePrice":87.38,"comparativePriceData":{"b2cPrice":87.38,"b2bPrice":78.02},"articleSold":false,"deposit":0.0,"depositData":{"b2cPrice":0.0,"b2bPrice":0.0},"vat":{"code":"vat-full-2","value":12.0,"type":"Percentage"},"animalFoodData":{},"fromSweden":false,"availableOnline":true,"isMagazine":false,"nutrientBasis":{},"originCountry":{"code":"BELGIUM","value":"Belgien"},"replacementCountries":[],"class":"Klass 1","pharmaceuticalData":{"isPharmaceutical":false},"sustainabilityInfoApplicable":true},{"id":"8725364789881","type":"Product","ean":"8725364789881","name":"Pomelo Honung","imageUrl":"http://res.cloudinary.com/coopsverige/image/upload/v1573136057/385294.tiff","navCategories":[{"code":"32492","name":"Citrusfrukt","superCategories":[{"code":"32484","name":"Frukt & bär","superCategories":[{"code":"16534","name":"Frukt & Grönsaker","superCategories":[]}]}]}],"packageSizeInformation":"","salesPrice":29.95,"salesPriceData":{"b2cPrice":29.95,"b2bPrice":26.74},"piecePrice":29.95,"piecePriceData":{"b2cPrice":29.95,"b2bPrice":26.74},"salesUnit":"Styck","comparativePriceText":"kr/st","comparativePrice":29.95,"comparativePriceData":{"b2cPrice":29.95,"b2bPrice":26.74},"articleSold":false,"deposit":0.0,"depositData":{"b2cPrice":0.0,"b2bPrice":0.0},"vat":{"code":"vat-full-2","value":12.0,"type":"Percentage"},"animalFoodData":{},"fromSweden":false,"availableOnline":true,"isMagazine":false,"nutrientBasis":{},"originCountry":{"code":"CHINA","value":"Kina"},"replacementCountries":[],"class":"Klass 1","pharmaceuticalData":{"isPharmaceutical":false},"sustainabilityInfoApplicable":true}]}}
---
{"results":{"count":203,"facets":[{"name":"brand","items":[{"item":"COOP","count":43,"selected":false},{"item":"Änglamark","count":29,"selected":false},{"item":"Andreas Uppgård","count":2,"selected":false},{"item":"EAGLOBE","count":1,"selected":false},{"item":"Xtra","count":1,"selected":false}]},{"name":"environmentalLabels","items":[{"item":"Ekologiskt","count":33,"selected":false},{"item":"KRAV","count":30,"selected":false},{"item":"Nyckelhålet","count":13,"selected":false},{"item":"Svenskt ursprung","count":5,"selected":false},{"item":"Lokalt","count":2,"selected":false}]}],"items":[{"id":"2317403500005","type":"Product","ean":"2317403500005","name":"Nektarin","description":"Produkten varierar något i storlek och vikt. När du handlar hos oss visar vi en uppskattad vikt för varan och ett pris baserat på kilopriset. Ni debiteras efter vi plockat ihop era varor den verkliga vikten.<br> Vi garanterar att du alltid betalar för varans verkliga vikt.","imageUrl":"http://res.cloudinary.com/coopsverige/image/upload/v1440062728/49623.tiff","navCategories":[{"code":"334451","name":"Nektariner & Persikor","superCategories":[{"code":"32484","name":"Frukt & bär","superCategories":[{"code":"16534","name":"Frukt & Grönsaker","superCategories":[]}]}]}],"packageSize":125.0,"packageSizeInformation":"125 gram ungefärlig vikt","packageSizeUnit":"gram ungefärlig vikt","pieceWeight":0.125,"salesPrice":49.95,"salesPriceData":{"b2cPrice":49.95,"b2bPrice":44.6},"piecePrice":6.24,"piecePriceData":{"b2cPrice":6.24,"b2bPrice":5.57},"salesUnit":"Vikt","comparativePriceText":"kr/kg","comparativePrice":49.95,"comparativePriceData":{"b2cPrice":49.95,"b2bPrice":44.6},"articleSold":false,"deposit":0.0,"depositData":{"b2cPrice":0.0,"b2bPrice":0.0},"vat":{"code":"vat-full-2","value":12.0,"type":"Percentage"},"animalFoodData":{},"fromSweden":false,"availableOnline":true,"isMagazine":false,"nutrientBasis":{},"originCountry":{"code":"ITALY","value":"Italien"},"replacementCountries":[],"class":"Klass 1","pharmaceuticalData":{"isPharmaceutical":false},"sustainabilityInfo":[{"productScore":[{"score":2.0,"param":"Biologisk mångfald","paramId":"biodiversity"},{"score":1.0,"param":"Klimat","paramId":"climate"},{"score":2.0,"param":"Bördighet","paramId":"soil_fertility"},{"score":2.0,"param":"Vatten","paramId":"water"},{"score":2.0,"param":"Bekämpningsmedel","paramId":"pesticides"},{"score":2.0,"param":"Övergödning","paramId":"eutrophication"},{"score":null,"param":"Djuromsorg och antibiotika","paramId":"animal_welfare_antibiotics"},{"score":2.5,"param":"Arbetsförhållanden","paramId":"working_conditions"},{"score":3.0,"param":"Lokalbefolkning","paramId":"local_population"},{"score":3.0,"param":"Lagefterlevnad och spårbarhet","paramId":"compliance_traceability"}]}],"sustainabilityInfoApplicable":true},{"id":"7300156475060","type":"Product","ean":"7300156475060","name":"Druvor Gröna","manufacturerName":"Änglamark","imageUrl":"http://res.cloudinary.com/coopsverige/image/upload/v1681905024/cloud/279408.jpg","navCategories":[{"code":"32494","name":"Druvor","superCategories":[{"code":"32484","name":"Frukt & bär","superCategories":[{"code":"16534","name":"Frukt & Grönsaker","superCategories":[]}]}]}],"accreditedTags":[{"code":"NYCKELHALET","description":"Nyckelhålet","imageUrl":"https://res.cloudinary.com/coopsverige/image/upload/v1618910221/cooponline/Labels%27/nyckelhal_RGB.png","priority":240}],"packageSize":1000.0,"packageSizeInformation":"1000 gram","packageSizeUnit":"Gram","salesPrice":36.95,"salesPriceData":{"b2cPrice":36.95,"b2bPrice":32.99},"piecePrice":36.95,"piecePriceData":{"b2cPrice":36.95,"b2bPrice":32.99},"salesUnit":"Styck","comparativePriceText":"kr/kg","comparativePrice":73.9,"comparativePriceData":{"b2cPrice":73.9,"b2bPrice":65.98},"articleSold":false,"deposit":0.0,"depositData":{"b2cPrice":0.0,"b2bPrice":0.0},"vat":{"code":"vat-full-2","value":12.0,"type":"Percentage"},"animalFoodData":{},"fromSweden":false,"availableOnline":true,"isMagazine":false,"nutrientBasis":{},"originCountry":{"code":"SWEDEN","value":"Sverige"},"replacementCountries":[{"code":"SWEDEN","value":"Sverige"},{"code":"EGYPT","value":"Egypten"},{"code":"INDIA","value":"Indien"}],"pharmaceuticalData":{"isPharmaceutical":false},"sustainabilityInfo":[{"productScore":[{"score":2.0,"param":"Biologisk mångfald","paramId":"biodiversity"},{"score":2.0,"param":"Klimat","paramId":"climate"},{"score":2.0,"param":"Bördighet","paramId":"soil_fertility"},{"score":2.0,"param":"Vatten","paramId":"water"},{"score":2.0,"param":"Bekämpningsmedel","paramId":"pesticides"},{"score":2.0,"param":"Övergödning","paramId":"eutrophication"},{"score":null,"param":"Djuromsorg och antibiotika","paramId":"animal_welfare_antibiotics"},{"score":3.0,"param":"Arbetsförhållanden","paramId":"working_conditions"},{"score":4.0,"param":"Lokalbefolkning","paramId":"local_population"},{"score":3.5,"param":"Lagefterlevnad och spårbarhet","paramId":"compliance_traceability"}]}],"sustainabilityInfoApplicable":true},{"id":"2317342100007","type":"Product","ean":"2317342100007","name":"Vattenmelon Mini","imageUrl":"http://res.cloudinary.com/coopsverige/image/upload/v1648473702/cloud/182664.tiff","navCategories":[{"code":"32496","name":"Melon","superCategories":[{"code":"32484","name":"Frukt & bär","superCategories":[{"code":"16534","name":"Frukt & Grönsaker","superCategories":[]}]}]}],"packageSize":2350.0,"packageSizeInformation":"2350 gram/st ungefärlig vikt","packageSizeUnit":"gram/st ungefärlig vikt","pieceWeight":2.35,"salesPrice":19.95,"salesPriceData":{"b2cPrice":19.95,"b2bPrice":17.81},"piecePrice":46.88,"piecePriceData":{"b2cPrice":46.88,"b2bPrice":41.86},"salesUnit":"Vikt","comparativePriceText":"kr/kg","comparativePrice":19.95,"comparativePriceData":{"b2cPrice":19.95,"b2bPrice":17.81},"articleSold":false,"deposit":0.0,"depositData":{"b2cPrice":0.0,"b2bPrice":0.0},"vat":{"code":"vat-full-2","value":12.0,"type":"Percentage"},"animalFoodData":{},"fromSweden":false,"availableOnline":true,"countryOfOriginCodes":[{"code":"724","value":"Spanien"}],"isMagazine":false,"nutrientBasis":{},"originCountry":{"code":"SPAIN","value":"Spanien"},"replacementCountries":[],"class":"Klass 1","pharmaceuticalData":{"isPharmaceutical":false},"sustainabilityInfoApplicable":true},{"id":"7300156462428","type":"Product","ean":"7300156462428","name":"Citron Eko","manufacturerName":"Änglamark","imageUrl":"http://res.cloudinary.com/coopsverige/image/upload/v1598277504/405772.tiff","navCategories":[{"code":"32492","name":"Citrusfrukt","superCategories":[{"code":"32484","name":"Frukt & bär","superCategories":[{"code":"16534","name":"Frukt & Grönsaker","superCategories":[]}]}]}],"accreditedTags":[{"code":"KRAV_MARK","description":"KRAV-märkt","imageUrl":"https://res.cloudinary.com/coopsverige/image/upload/cooponline/produktmarkning/KRAVLogo.svg","priority":330}],"packageSize":350.0,"packageSizeInformation":"350 gram","packageSizeUnit":"Gram","salesPrice":32.95,"salesPriceData":{"b2cPrice":32.95,"b2bPrice":29.42},"piecePrice":32.95,"piecePriceData":{"b2cPrice":32.95,"b2bPrice":29.42},"salesUnit":"Styck","comparativePriceText":"kr/kg","comparativePrice":94.14,"comparativePriceData":{"b2cPrice":94.14,"b2bPrice":84.05},"articleSold":false,"deposit":0.0,"depositData":{"b2cPrice":0.0,"b2bPrice":0.0},"vat":{"code":"vat-full-2","value":12.0,"type":"Percentage"},"animalFoodData":{},"fromSweden":false,"availableOnline":true,"isMagazine":false,"nutrientBasis":{},"originCountry":{"code":"SOUTH AFRICA","value":"Sydafrika"},"replacementCountries":[{"code":"SOUTH AFRICA","value":"Sydafrika"},{"code":"SPAIN","value":"Spanien"}],"class":"Klass 1","pharmaceuticalData":{"isPharmaceutical":false},"sustainabilityInfo":[{"productScore":[{"score":1.0,"param":"Biologisk mångfald","paramId":"biodiversity"},{"score":1.0,"param":"Klimat","paramId":"climate"},{"score":1.0,"param":"Bördighet","paramId":"soil_fertility"},{"score":2.0,"param":"Vatten","paramId":"water"},{"score":1.0,"param":"Bekämpningsmedel","paramId":"pesticides"},{"score":1.0,"param":"Övergödning","paramId":"eutrophication"},{"score":null,"param":"Djuromsorg och antibiotika","paramId":"animal_welfare_antibiotics"},{"score":2.0,"param":"Arbetsförhållanden","paramId":"working_conditions"},{"score":3.5,"param":"Lokalbefolkning","paramId":"local_population"},{"score":1.0,"param":"Lagefterlevnad och spårbarhet","paramId":"compliance_traceability"}]}],"sustainabilityInfoApplicable":true},{"id":"2317409100001","type":"Product","ean":"2317409100001","name":"Sötpotatis","description":"Produkten varierar något i storlek och vikt. När du handlar hos oss visar vi en uppskattad vikt för varan och ett pris baserat på kilopriset. Ni debiteras efter vi plockat ihop era varor den verkliga vikten.<br> Vi garanterar att du alltid betalar för varans verkliga vikt.","imageUrl":"http://res.cloudinary.com/coopsverige/image/upload/v1440062802/49635.tiff","navCategories":[{"code":"32466","name":"Potatis","superCategories":[{"code":"32361","name":"Grönsaker","superCategories":[{"code":"16534","name":"Frukt & Grönsaker","superCategories":[]}]}]}],"packageSize":275.0,"packageSizeInformation":"275 gram ungefärlig vikt","packageSizeUnit":"gram ungefärlig vikt","pieceWeight":0.275,"salesPrice":49.95,"salesPriceData":{"b2cPrice":49.95,"b2bPrice":44.6},"piecePrice":13.74,"piecePriceData":{"b2cPrice":13.74,"b2bPrice":12.27},"salesUnit":"Vikt","comparativePriceText":"kr/kg","comparativePrice":49.95,"comparativePriceData":{"b2cPrice":49.95,"b2bPrice":44.6},"articleSold":false,"deposit":0.0,"depositData":{"b2cPrice":0.0,"b2bPrice":0.0},"vat":{"code":"vat-full-2","value":12.0,"type":"Percentage"},"animalFoodData":{},"fromSweden":false,"availableOnline":true,"isMagazine":false,"nutrientBasis":{},"originCountry":{"code":"EGYPT","value":"Egypten"},"replacementCountries":[],"pharmaceuticalData":{"isPharmaceutical":false},"sustainabilityInfo":[{"productScore":[{"score":2.0,"param":"Biologisk mångfald","paramId":"biodiversity"},{"score":1.0,"param":"Klimat","paramId":"climate"},{"score":2.0,"param":"Bördighet","paramId":"soil_fertility"},{"score":2.0,"param":"Vatten","paramId":"water"},{"score":2.0,"param":"Bekämpningsmedel","paramId":"pesticides"},{"score":2.0,"param":"Övergödning","paramId":"eutrophication"},{"score":null,"param":"Djuromsorg och antibiotika","paramId":"animal_welfare_antibiotics"},{"score":3.0,"param":"Arbetsförhållanden","paramId":"working_conditions"},{"score":3.5,"param":"Lokalbefolkning","paramId":"local_population"},{"score":3.5,"param":"Lagefterlevnad och spårbarhet","paramId":"compliance_traceability"}]}],"sustainabilityInfoApplicable":true},{"id":"7340007919435","type":"Product","ean":"7340007919435","name":"Gurka Eko","imageUrl":"http://res.cloudinary.com/coopsverige/image/upload/v1625395594/cloud/183395.tiff","navCategories":[{"code":"334456","name":"Gurka","superCategories":[{"code":"32361","name":"Grönsaker","superCategories":[{"code":"16534","name":"Frukt & Grönsaker","superCategories":[]}]}]}],"accreditedTags":[{"code":"EU_ORGANIC_FARMING","description":"EU Ekologiskt jordbruk","imageUrl":"https://res.cloudinary.com/coopsverige/image/upload/cooponline/produktmarkning/EUOrganicFarmingLogo.jpg","priority":210}],"packageSize":280.0,"packageSizeInformation":"280 gram ungefärlig vikt","packageSizeUnit":"gram ungefärlig vikt","pieceWeight":0.28,"salesPrice":16.95,"salesPriceData":{"b2cPrice":16.95,"b2bPrice":15.13},"piecePrice":16.95,"piecePriceData":{"b2cPrice":16.95,"b2bPrice":15.13},"salesUnit":"Styck","comparativePriceText":"","articleSold":false,"deposit":0.0,"depositData":{"b2cPrice":0.0,"b2bPrice":0.0},"vat":{"code":"vat-full-2","value":12.0,"type":"Percentage"},"animalFoodData":{},"fromSweden":false,"availableOnline":true,"isMagazine":false,"nutrientBasis":{},"originCountry":{"code":"SPAIN","value":"Spanien"},"replacementCountries":[],"class":"Klass 1","pharmaceuticalData":{"isPharmaceutical":false},"sustainabilityInfo":[{"productScore":[{"score":1.0,"param":"Biologisk mångfald","paramId":"biodiversity"},{"score":1.5,"param":"Klimat","paramId":"climate"},{"score":1.0,"param":"Bördighet","paramId":"soil_fertility"},{"score":1.5,"param":"Vatten","paramId":"water"},{"score":1.0,"param":"Bekämpningsmedel","paramId":"pesticides"},{"score":1.0,"param":"Övergödning","paramId":"eutrophication"},{"score":null,"param":"Djuromsorg och antibiotika","paramId":"animal_welfare_antibiotics"},{"score":1.0,"param":"Arbetsförhållanden","paramId":"working_conditions"},{"score":1.0,"param":"Lokalbefolkning","paramId":"local_population"},{"score":1.0,"param":"Lagefterlevnad och spårbarhet","paramId":"compliance_traceability"}]}],"sustainabilityInfoApplicable":true},{"id":"7300156582294","type":"Product","ean":"7300156582294","name":"Rödlök Eko","manufacturerName":"Änglamark","imageUrl":"http://res.cloudinary.com/coopsverige/image/upload/v1539335744/352447.tiff","navCategories":[{"code":"334459","name":"Lök","superCategories":[{"code":"32361","name":"Grönsaker","superCategories":[{"code":"16534","name":"Frukt & Grönsaker","superCategories":[]}]}]}],"accreditedTags":[{"code":"NYCKELHALET","description":"Nyckelhålet","imageUrl":"https://res.cloudinary.com/coopsverige/image/upload/v1618910221/cooponline/Labels%27/nyckelhal_RGB.png","priority":240},{"code":"EU_ORGANIC_FARMING","description":"EU Ekologiskt jordbruk","imageUrl":"https://res.cloudinary.com/coopsverige/image/upload/cooponline/produktmarkning/EUOrganicFarmingLogo.jpg","priority":210},{"code":"KRAV_MARK","description":"KRAV-märkt","imageUrl":"https://res.cloudinary.com/coopsverige/image/upload/cooponline/produktmarkning/KRAVLogo.svg","priority":330}],"packageSize":500.0,"packageSizeInformation":"500 gram","packageSizeUnit":"Gram","salesPrice":22.95,"salesPriceData":{"b2cPrice":22.95,"b2bPrice":20.49},"piecePrice":22.95,"piecePriceData":{"b2cPrice":22.95,"b2bPrice":20.49},"salesUnit":"Styck","comparativePriceText":"kr/kg","comparativePrice":45.9,"comparativePriceData":{"b2cPrice":45.9,"b2bPrice":40.98},"articleSold":false,"deposit":0.0,"depositData":{"b2cPrice":0.0,"b2bPrice":0.0},"vat":{"code":"vat-full-2","value":12.0,"type":"Percentage"},"animalFoodData":{},"fromSweden":false,"availableOnline":true,"isMagazine":false,"nutrientBasis":{},"originCountry":{"code":"SWEDEN","value":"Sverige"},"replacementCountries":[],"class":"Klass 1","pharmaceuticalData":{"isPharmaceutical":false},"sustainabilityInfo":[{"productScore":[{"score":1.0,"param":"Biologisk mångfald","paramId":"biodiversity"},{"score":1.0,"param":"Klimat","paramId":"climate"},{"score":1.0,"param":"Bördighet","paramId":"soil_fertility"},{"score":1.5,"param":"Vatten","paramId":"water"},{"score":1.0,"param":"Bekämpningsmedel","paramId":"pesticides"},{"score":1.0,"param":"Övergödning","paramId":"eutrophication"},{"score":null,"param":"Djuromsorg och antibiotika","paramId":"animal_welfare_antibiotics"},{"score":1.5,"param":"Arbetsförhållanden","paramId":"working_conditions"},{"score":2.0,"param":"Lokalbefolkning","paramId":"local_population"},{"score":1.0,"param":"Lagefterlevnad och spårbarhet","paramId":"compliance_traceability"}]}],"sustainabilityInfoApplicable":true},{"id":"2317312000009","type":"Product","ean":"2317312000009","name":"Paprika Grön","description":"Produkten varierar något i storlek och vikt. När du handlar hos oss visar vi en uppskattad vikt för varan och ett pris baserat på kilopriset. Ni debiteras efter vi plockat ihop era varor den verkliga vikten.<br> Vi garanterar att du alltid betalar för varans verkliga vikt.","imageUrl":"http://res.cloudinary.com/coopsverige/image/upload/v1708418321/cloud/328898.jpg","navCategories":[{"code":"198002","name":"Paprika","superCategories":[{"code":"32361","name":"Grönsaker","superCategories":[{"code":"16534","name":"Frukt & Grönsaker","superCategories":[]}]}]}],"packageSize":210.0,"packageSizeInformation":"210 gram ungefärlig vikt","packageSizeUnit":"gram ungefärlig vikt","pieceWeight":0.21,"salesPrice":44.95,"salesPriceData":{"b2cPrice":44.95,"b2bPrice":40.13},"piecePrice":9.44,"piecePriceData":{"b2cPrice":9.44,"b2bPrice":8.43},"promotionPrice":8.19,"promotionPriceData":{"b2cPrice":8.19,"b2bPrice":7.31},"salesUnit":"Vikt","comparativePriceText":"kr/kg","comparativePrice":44.95,"comparativePriceData":{"b2cPrice":44.95,"b2bPrice":40.13},"articleSold":false,"deposit":0.0,"depositData":{"b2cPrice":0.0,"b2bPrice":0.0},"vat":{"code":"vat-full-2","value":12.0,"type":"Percentage"},"animalFoodData":{},"onlinePromotions":[{"id":"016001_135730","price":39.0,"priceData":{"b2cPrice":39.0,"b2bPrice":34.82},"piecePrice":8.19,"piecePriceData":{"b2cPrice":8.19,"b2bPrice":7.31},"startDate":"2025-07-06T22:00:00Z","endDate":"2025-07-13T22:00:00Z","message":"Paprika Grön-39:- /kg","type":"FIXED_PRICE","medMeraRequired":false,"priority":930,"comparativePrice":{"b2cPrice":39.0,"b2bPrice":34.82},"higherThanHistoricalPrice":false}],"fromSweden":false,"availableOnline":true,"isMagazine":false,"nutrientBasis":{},"originCountry":{"code":"THE NETHERLANDS","value":"Nederländerna"},"replacementCountries":[],"class":"Klass 1","pharmaceuticalData":{"isPharmaceutical":false},"sustainabilityInfo":[{"productScore":[{"score":2.0,"param":"Biologisk mångfald","paramId":"biodiversity"},{"score":1.5,"param":"Klimat","paramId":"climate"},{"score":1.5,"param":"Bördighet","paramId":"soil_fertility"},{"score":2.0,"param":"Vatten","paramId":"water"},{"score":2.0,"param":"Bekämpningsmedel","paramId":"pesticides"},{"score":2.0,"param":"Övergödning","paramId":"eutrophication"},{"score":null,"param":"Djuromsorg och antibiotika","paramId":"animal_welfare_antibiotics"},{"score":2.0,"param":"Arbetsförhållanden","paramId":"working_conditions"},{"score":1.5,"param":"Lokalbefolkning","paramId":"local_population"},{"score":1.0,"param":"Lagefterlevnad och spårbarhet","paramId":"compliance_traceability"}]}],"sustainabilityInfoApplicable":true},{"id":"7311041050781","type":"Product","ean":"7311041050781","name":"Päron","manufacturerName":"Xtra","imageUrl":"http://res.cloudinary.com/coopsverige/image/upload/v1625736175/cloud/230672.jpg","navCategories":[{"code":"32488","name":"Päron","superCategories":[{"code":"32484","name":"Frukt & bär","superCategories":[{"code":"16534","name":"Frukt & Grönsaker","superCategories":[]}]}]}],"packageSize":1000.0,"packageSizeInformation":"1 KG","packageSizeUnit":"Gram","salesPrice":26.95,"salesPriceData":{"b2cPrice":26.95,"b2bPrice":24.06},"piecePrice":26.95,"piecePriceData":{"b2cPrice":26.95,"b2bPrice":24.06},"salesUnit":"Styck","comparativePriceText":"kr/kg","comparativePrice":26.95,"comparativePriceData":{"b2cPrice":26.95,"b2bPrice":24.06},"articleSold":false,"deposit":0.0,"depositData":{"b2cPrice":0.0,"b2bPrice":0.0},"vat":{"code":"vat-full-2","value":12.0,"type":"Percentage"},"animalFoodData":{},"fromSweden":false,"availableOnline":true,"countryOfOriginCodes":[{"code":"528","value":"Nederländerna"}],"isMagazine":false,"nutrientBasis":{},"originCountry":{"code":"THE NETHERLANDS","value":"Nederländerna"},"replacementCountries":[],"variety":"Conference","class":"Klass 2","pharmaceuticalData":{"isPharmaceutical":false},"sustainabilityInfo":[{"productScore":[{"score":2.0,"param":"Biologisk mångfald","paramId":"biodiversity"},{"score":1.0,"param":"Klimat","paramId":"climate"},{"score":2.0,"param":"Bördighet","paramId":"soil_fertility"},{"score":2.0,"param":"Vatten","paramId":"water"},{"score":2.0,"param":"Bekämpningsmedel","paramId":"pesticides"},{"score":2.0,"param":"Övergödning","paramId":"eutrophication"},{"score":null,"param":"Djuromsorg och antibiotika","paramId":"animal_welfare_antibiotics"},{"score":2.0,"param":"Arbetsförhållanden","paramId":"working_conditions"},{"score":3.0,"param":"Lokalbefolkning","paramId":"local_population"},{"score":2.5,"param":"Lagefterlevnad och spårbarhet","paramId":"compliance_traceability"}]}],"sustainabilityInfoApplicable":true},{"id":"7340007911477","type":"Product","ean":"7340007911477","name":"Paprika Minimix","imageUrl":"http://res.cloudinary.com/coopsverige/image/upload/v1726576882/cloud/386381.jpg","navCategories":[{"code":"198002","name":"Paprika","superCategories":[{"code":"32361","name":"Grönsaker","superCategories":[{"code":"16534","name":"Frukt & Grönsaker","superCategories":[]}]}]}],"packageSize":200.0,"packageSizeInformation":"200 g","packageSizeUnit":"Gram","salesPrice":22.95,"salesPriceData":{"b2cPrice":22.95,"b2bPrice":20.49},"piecePrice":22.95,"piecePriceData":{"b2cPrice":22.95,"b2bPrice":20.49},"salesUnit":"Styck","comparativePriceText":"kr/kg","comparativePrice":114.75,"comparativePriceData":{"b2cPrice":114.75,"b2bPrice":102.46},"articleSold":false,"deposit":0.0,"depositData":{"b2cPrice":0.0,"b2bPrice":0.0},"vat":{"code":"vat-full-2","value":12.0,"type":"Percentage"},"animalFoodData":{},"fromSweden":false,"availableOnline":true,"countryOfOriginCodes":[{"code":"724","value":"Spanien"}],"isMagazine":false,"nutrientBasis":{},"originCountry":{"code":"THE NETHERLANDS","value":"Nederländerna"},"replacementCountries":[],"class":"Klass 1","pharmaceuticalData":{"isPharmaceutical":false},"sustainabilityInfo":[{"productScore":[{"score":2.0,"param":"Biologisk mångfald","paramId":"biodiversity"},{"score":1.5,"param":"Klimat","paramId":"climate"},{"score":1.5,"param":"Bördighet","paramId":"soil_fertility"},{"score":2.0,"param":"Vatten","paramId":"water"},{"score":2.0,"param":"Bekämpningsmedel","paramId":"pesticides"},{"score":2.0,"param":"Övergödning","paramId":"eutrophication"},{"score":null,"param":"Djuromsorg och antibiotika","paramId":"animal_welfare_antibiotics"},{"score":2.0,"param":"Arbetsförhållanden","paramId":"working_conditions"},{"score":2.5,"param":"Lokalbefolkning","paramId":"local_population"},{"score":2.5,"param":"Lagefterlevnad och spårbarhet","paramId":"compliance_traceability"}]}],"sustainabilityInfoApplicable":true},{"id":"2317462200007","type":"Product","ean":"2317462200007","name":"Västeråsgurka","description":"Produkten varierar något i storlek och vikt. När du handlar hos oss visar vi en uppskattad vikt för varan och ett pris baserat på kilopriset. Ni debiteras efter vi plockat ihop era varor den verkliga vikten.<br> Vi garanterar att du alltid betalar för varans verkliga vikt.","imageUrl":"http://res.cloudinary.com/coopsverige/image/upload/v1565257348/377320.tiff","navCategories":[{"code":"334456","name":"Gurka","superCategories":[{"code":"32361","name":"Grönsaker","superCategories":[{"code":"16534","name":"Frukt & Grönsaker","superCategories":[]}]}]}],"packageSize":150.0,"packageSizeInformation":"150 gram ungefärlig vikt","packageSizeUnit":"gram ungefärlig vikt","pieceWeight":0.15,"salesPrice":39.95,"salesPriceData":{"b2cPrice":39.95,"b2bPrice":35.67},"piecePrice":5.99,"piecePriceData":{"b2cPrice":5.99,"b2bPrice":5.35},"salesUnit":"Vikt","comparativePriceText":"kr/kg","comparativePrice":39.95,"comparativePriceData":{"b2cPrice":39.95,"b2bPrice":35.67},"articleSold":false,"deposit":0.0,"depositData":{"b2cPrice":0.0,"b2bPrice":0.0},"vat":{"code":"vat-full-2","value":12.0,"type":"Percentage"},"animalFoodData":{},"fromSweden":false,"availableOnline":true,"isMagazine":false,"nutrientBasis":{},"originCountry":{"code":"SWEDEN","value":"Sverige"},"replacementCountries":[],"class":"Klass 1","pharmaceuticalData":{"isPharmaceutical":false},"sustainabilityInfo":[{"productScore":[{"score":2.0,"param":"Biologisk mångfald","paramId":"biodiversity"},{"score":1.0,"param":"Klimat","paramId":"climate"},{"score":3.0,"param":"Bördighet","paramId":"soil_fertility"},{"score":1.0,"param":"Vatten","paramId":"water"},{"score":2.0,"param":"Bekämpningsmedel","paramId":"pesticides"},{"score":2.0,"param":"Övergödning","paramId":"eutrophication"},{"score":null,"param":"Djuromsorg och antibiotika","paramId":"animal_welfare_antibiotics"},{"score":1.0,"param":"Arbetsförhållanden","paramId":"working_conditions"},{"score":1.0,"param":"Lokalbefolkning","paramId":"local_population"},{"score":1.0,"param":"Lagefterlevnad och spårbarhet","paramId":"compliance_traceability"}]}],"sustainabilityInfoApplicable":true},{"id":"7300156598929","type":"Product","ean":"7300156598929","name":"Tomat Fantastica","manufacturerName":"COOP","imageUrl":"http://res.cloudinary.com/coopsverige/image/upload/v1736333735/cloud/421741.jpg","navCategories":[{"code":"32408","name":"Tomat","superCategories":[{"code":"32361","name":"Grönsaker","superCategories":[{"code":"16534","name":"Frukt & Grönsaker","superCategories":[]}]}]}],"packageSize":420.0,"packageSizeInformation":"420 gram","packageSizeUnit":"Gram","salesPrice":39.95,"salesPriceData":{"b2cPrice":39.95,"b2bPrice":35.67},"piecePrice":39.95,"piecePriceData":{"b2cPrice":39.95,"b2bPrice":35.67},"salesUnit":"Styck","comparativePriceText":"kr/kg","comparativePrice":99.88,"comparativePriceData":{"b2cPrice":99.88,"b2bPrice":89.18},"articleSold":false,"deposit":0.0,"depositData":{"b2cPrice":0.0,"b2bPrice":0.0},"vat":{"code":"vat-full-2","value":12.0,"type":"Percentage"},"animalFoodData":{},"fromSweden":false,"availableOnline":true,"isMagazine":false,"nutrientBasis":{},"originCountry":{"code":"THE NETHERLANDS","value":"Nederländerna"},"replacementCountries":[],"class":"Klass 1","pharmaceuticalData":{"isPharmaceutical":false},"sustainabilityInfoApplicable":true},{"id":"2317425300003","type":"Product","ean":"2317425300003","name":"Jordgubbar","description":"Produkten varierar något i storlek och vikt. När du handlar hos oss visar vi en uppskattad vikt för varan och ett pris baserat på kilopriset. Ni debiteras efter vi plockat ihop era varor den verkliga vikten.<br> Vi garanterar att du alltid betalar för varans verkliga vikt.","imageUrl":"http://res.cloudinary.com/coopsverige/image/upload/v1747992070/cloud/483704.jpg","navCategories":[{"code":"32508","name":"Bär","superCategories":[{"code":"32484","name":"Frukt & bär","superCategories":[{"code":"16534","name":"Frukt & Grönsaker","superCategories":[]}]}]}],"packageSize":500.0,"packageSizeInformation":"500 gram ungefärlig vikt","packageSizeUnit":"gram ungefärlig vikt","pieceWeight":0.5,"salesPrice":118.0,"salesPriceData":{"b2cPrice":118.0,"b2bPrice":105.36},"piecePrice":59.0,"piecePriceData":{"b2cPrice":59.0,"b2bPrice":52.68},"salesUnit":"Vikt","comparativePriceText":"kr/kg","comparativePrice":118.0,"comparativePriceData":{"b2cPrice":118.0,"b2bPrice":105.36},"articleSold":false,"deposit":0.0,"depositData":{"b2cPrice":0.0,"b2bPrice":0.0},"vat":{"code":"vat-full-2","value":12.0,"type":"Percentage"},"animalFoodData":{},"fromSweden":false,"availableOnline":true,"isMagazine":false,"nutrientBasis":{},"originCountry":{"code":"SWEDEN","value":"Sverige"},"replacementCountries":[],"class":"Klass 1","pharmaceuticalData":{"isPharmaceutical":false},"sustainabilityInfo":[{"productScore":[{"score":2.0,"param":"Biologisk mångfald","paramId":"biodiversity"},{"score":1.0,"param":"Klimat","paramId":"climate"},{"score":3.0,"param":"Bördighet","paramId":"soil_fertility"},{"score":1.0,"param":"Vatten","paramId":"water"},{"score":2.0,"param":"Bekämpningsmedel","paramId":"pesticides"},{"score":2.0,"param":"Övergödning","paramId":"eutrophication"},{"score":null,"param":"Djuromsorg och antibiotika","paramId":"animal_welfare_antibiotics"},{"score":1.0,"param":"Arbetsförhållanden","paramId":"working_conditions"},{"score":1.0,"param":"Lokalbefolkning","paramId":"local_population"},{"score":1.0,"param":"Lagefterlevnad och spårbarhet","paramId":"compliance_traceability"}]}],"sustainabilityInfoApplicable":true},{"id":"7300170032799","type":"Product","ean":"7300170032799","name":"Kiwi Gul/Gold","imageUrl":"http://res.cloudinary.com/coopsverige/image/upload/v1440064095/49846.tiff","navCategories":[{"code":"334464","name":"Kiwi","superCategories":[{"code":"32484","name":"Frukt & bär","superCategories":[{"code":"16534","name":"Frukt & Grönsaker","superCategories":[]}]}]}],"packageSize":60.0,"packageSizeInformation":"60 gram ungefärlig vikt","packageSizeUnit":"gram ungefärlig vikt","pieceWeight":0.06,"salesPrice":12.95,"salesPriceData":{"b2cPrice":12.95,"b2bPrice":11.56},"piecePrice":12.95,"piecePriceData":{"b2cPrice":12.95,"b2bPrice":11.56},"salesUnit":"Styck","comparativePriceText":"kr/kg","comparativePrice":215.83,"comparativePriceData":{"b2cPrice":215.83,"b2bPrice":192.71},"articleSold":false,"deposit":0.0,"depositData":{"b2cPrice":0.0,"b2bPrice":0.0},"vat":{"code":"vat-full-2","value":12.0,"type":"Percentage"},"animalFoodData":{},"onlinePromotions":[{"id":"016001_35083","price":25.0,"priceData":{"b2cPrice":25.0,"b2bPrice":22.32},"startDate":"2025-07-06T22:00:00Z","endDate":"2025-07-13T22:00:00Z","message":"KIWI GUL 2 FÖR 25 KR-2 för 25:-","type":"MULTI_BUY_FIXED_PRICE","numberOfProductRequired":2,"medMeraRequired":false,"priority":910,"comparativePrice":{"b2cPrice":208.33,"b2bPrice":186.01},"higherThanHistoricalPrice":false}],"fromSweden":false,"availableOnline":true,"isMagazine":false,"nutrientBasis":{},"originCountry":{"code":"NEW ZEALAND","value":"Nya Zeeland"},"replacementCountries":[],"class":"Klass 1","pharmaceuticalData":{"isPharmaceutical":false},"sustainabilityInfoApplicable":true},{"id":"7300156475077","type":"Product","ean":"7300156475077","name":"Druvor Röda","manufacturerName":"COOP","imageUrl":"http://res.cloudinary.com/coopsverige/image/upload/v1725957893/cloud/384496.jpg","navCategories":[{"code":"32494","name":"Druvor","superCategories":[{"code":"32484","name":"Frukt & bär","superCategories":[{"code":"16534","name":"Frukt & Grönsaker","superCategories":[]}]}]}],"packageSize":500.0,"packageSizeInformation":"500 gram","packageSizeUnit":"Gram","salesPrice":39.95,"salesPriceData":{"b2cPrice":39.95,"b2bPrice":35.67},"piecePrice":39.95,"piecePriceData":{"b2cPrice":39.95,"b2bPrice":35.67},"salesUnit":"Styck","comparativePriceText":"kr/kg","comparativePrice":79.9,"comparativePriceData":{"b2cPrice":79.9,"b2bPrice":71.34},"articleSold":false,"deposit":0.0,"depositData":{"b2cPrice":0.0,"b2bPrice":0.0},"vat":{"code":"vat-full-2","value":12.0,"type":"Percentage"},"animalFoodData":{},"fromSweden":false,"availableOnline":true,"isMagazine":false,"nutrientBasis":{},"originCountry":{"code":"EGYPT","value":"Egypten"},"replacementCountries":[{"code":"EGYPT","value":"Egypten"},{"code":"SOUTH AFRICA","value":"Sydafrika"},{"code":"CHILE","value":"Chile"}],"variety":"Fiametta, Arra 14, Crimson, Al","class":"Klass 1","pharmaceuticalData":{"isPharmaceutical":false},"sustainabilityInfo":[{"productScore":[{"score":2.0,"param":"Biologisk mångfald","paramId":"biodiversity"},{"score":2.0,"param":"Klimat","paramId":"climate"},{"score":2.0,"param":"Bördighet","paramId":"soil_fertility"},{"score":2.0,"param":"Vatten","paramId":"water"},{"score":2.0,"param":"Bekämpningsmedel","paramId":"pesticides"},{"score":2.0,"param":"Övergödning","paramId":"eutrophication"},{"score":null,"param":"Djuromsorg och antibiotika","paramId":"animal_welfare_antibiotics"},{"score":3.0,"param":"Arbetsförhållanden","paramId":"working_conditions"},{"score":4.0,"param":"Lokalbefolkning","paramId":"local_population"},{"score":3.0,"param":"Lagefterlevnad och spårbarhet","paramId":"compliance_traceability"}]}],"sustainabilityInfoApplicable":true},{"id":"7350008371019","type":"Product","ean":"7350008371019","name":"Jordgubbar","imageUrl":"http://res.cloudinary.com/coopsverige/image/upload/v1718714889/cloud/365756.jpg","navCategories":[{"code":"32508","name":"Bär","superCategories":[{"code":"32484","name":"Frukt & bär","superCategories":[{"code":"16534","name":"Frukt & Grönsaker","superCategories":[]}]}]}],"packageSize":500.0,"packageSizeInformation":"500 gram ungefärlig vikt","packageSizeUnit":"gram ungefärlig vikt","pieceWeight":0.5,"salesPrice":69.0,"salesPriceData":{"b2cPrice":69.0,"b2bPrice":61.61},"piecePrice":69.0,"piecePriceData":{"b2cPrice":69.0,"b2bPrice":61.61},"salesUnit":"Styck","comparativePriceText":"kr/kg","comparativePrice":138.0,"comparativePriceData":{"b2cPrice":138.0,"b2bPrice":123.21},"articleSold":false,"deposit":0.0,"depositData":{"b2cPrice":0.0,"b2bPrice":0.0},"vat":{"code":"vat-full-2","value":12.0,"type":"Percentage"},"animalFoodData":{},"fromSweden":false,"availableOnline":true,"isMagazine":false,"nutrientBasis":{},"originCountry":{"code":"SWEDEN","value":"Sverige"},"replacementCountries":[],"class":"Klass 1","pharmaceuticalData":{"isPharmaceutical":false},"sustainabilityInfoApplicable":true},{"id":"7340007900105","type":"Product","ean":"7340007900105","name":"Blåbär","imageUrl":"http://res.cloudinary.com/coopsverige/image/upload/v1749548236/cloud/487099.jpg","navCategories":[{"code":"32508","name":"Bär","superCategories":[{"code":"32484","name":"Frukt & bär","superCategories":[{"code":"16534","name":"Frukt & Grönsaker","superCategories":[]}]}]}],"packageSize":125.0,"packageSizeInformation":"125g","packageSizeUnit":"Gram","salesPrice":29.95,"salesPriceData":{"b2cPrice":29.95,"b2bPrice":26.74},"piecePrice":29.95,"piecePriceData":{"b2cPrice":29.95,"b2bPrice":26.74},"salesUnit":"Styck","comparativePriceText":"","articleSold":false,"deposit":0.0,"depositData":{"b2cPrice":0.0,"b2bPrice":0.0},"vat":{"code":"vat-full-2","value":12.0,"type":"Percentage"},"animalFoodData":{},"fromSweden":false,"availableOnline":true,"isMagazine":false,"nutrientBasis":{},"originCountry":{"code":"POLAND","value":"Polen"},"replacementCountries":[],"class":"Klass 1","pharmaceuticalData":{"isPharmaceutical":false},"sustainabilityInfo":[{"productScore":[{"score":1.0,"param":"Biologisk mångfald","paramId":"biodiversity"},{"score":2.0,"param":"Klimat","paramId":"climate"},{"score":2.0,"param":"Bördighet","paramId":"soil_fertility"},{"score":1.0,"param":"Vatten","paramId":"water"},{"score":1.0,"param":"Bekämpningsmedel","paramId":"pesticides"},{"score":2.0,"param":"Övergödning","paramId":"eutrophication"},{"score":null,"param":"Djuromsorg och antibiotika","paramId":"animal_welfare_antibiotics"},{"score":2.5,"param":"Arbetsförhållanden","paramId":"working_conditions"},{"score":3.0,"param":"Lokalbefolkning","paramId":"local_population"},{"score":2.5,"param":"Lagefterlevnad och spårbarhet","paramId":"compliance_traceability"}]}],"sustainabilityInfoApplicable":true},{"id":"7340007910319","type":"Product","ean":"7340007910319","name":"Paprika Padron 200Gr","imageUrl":"http://res.cloudinary.com/coopsverige/image/upload/v1625576235/cloud/230498.tiff","navCategories":[{"code":"198002","name":"Paprika","superCategories":[{"code":"32361","name":"Grönsaker","superCategories":[{"code":"16534","name":"Frukt & Grönsaker","superCategories":[]}]}]}],"packageSize":200.0,"packageSizeInformation":"200 GR","packageSizeUnit":"Gram","salesPrice":29.95,"salesPriceData":{"b2cPrice":29.95,"b2bPrice":26.74},"piecePrice":29.95,"piecePriceData":{"b2cPrice":29.95,"b2bPrice":26.74},"salesUnit":"Styck","comparativePriceText":"kr/kg","comparativePrice":199.67,"comparativePriceData":{"b2cPrice":199.67,"b2bPrice":178.28},"articleSold":false,"deposit":0.0,"depositData":{"b2cPrice":0.0,"b2bPrice":0.0},"vat":{"code":"vat-full-2","value":12.0,"type":"Percentage"},"animalFoodData":{},"fromSweden":false,"availableOnline":true,"isMagazine":false,"nutrientBasis":{},"originCountry":{"code":"SPAIN","value":"Spanien"},"replacementCountries":[],"class":"Klass 1","pharmaceuticalData":{"isPharmaceutical":false},"sustainabilityInfo":[{"productScore":[{"score":2.0,"param":"Biologisk mångfald","paramId":"biodiversity"},{"score":1.0,"param":"Klimat","paramId":"climate"},{"score":2.0,"param":"Bördighet","paramId":"soil_fertility"},{"score":2.0,"param":"Vatten","paramId":"water"},{"score":2.0,"param":"Bekämpningsmedel","paramId":"pesticides"},{"score":2.0,"param":"Övergödning","paramId":"eutrophication"},{"score":null,"param":"Djuromsorg och antibiotika","paramId":"animal_welfare_antibiotics"},{"score":2.5,"param":"Arbetsförhållanden","paramId":"working_conditions"},{"score":3.0,"param":"Lokalbefolkning","paramId":"local_population"},{"score":3.0,"param":"Lagefterlevnad och spårbarhet","paramId":"compliance_traceability"}]}],"sustainabilityInfoApplicable":true},{"id":"7340007900143","type":"Product","ean":"7340007900143","name":"Hallon","imageUrl":"http://res.cloudinary.com/coopsverige/image/upload/v1749548243/cloud/487100.jpg","navCategories":[{"code":"32508","name":"Bär","superCategories":[{"code":"32484","name":"Frukt & bär","superCategories":[{"code":"16534","name":"Frukt & Grönsaker","superCategories":[]}]}]}],"packageSize":125.0,"packageSizeInformation":"125 g","packageSizeUnit":"Gram","salesPrice":32.95,"salesPriceData":{"b2cPrice":32.95,"b2bPrice":29.42},"piecePrice":32.95,"piecePriceData":{"b2cPrice":32.95,"b2bPrice":29.42},"salesUnit":"Styck","comparativePriceText":"kr/kg","comparativePrice":219.67,"comparativePriceData":{"b2cPrice":219.67,"b2bPrice":196.13},"articleSold":false,"deposit":0.0,"depositData":{"b2cPrice":0.0,"b2bPrice":0.0},"vat":{"code":"vat-full-2","value":12.0,"type":"Percentage"},"animalFoodData":{},"fromSweden":false,"availableOnline":true,"isMagazine":false,"nutrientBasis":{},"originCountry":{"code":"POLAND","value":"Polen"},"replacementCountries":[],"class":"Klass 1","pharmaceuticalData":{"isPharmaceutical":false},"sustainabilityInfo":[{"productScore":[{"score":2.0,"param":"Biologisk mångfald","paramId":"biodiversity"},{"score":2.0,"param":"Klimat","paramId":"climate"},{"score":2.0,"param":"Bördighet","paramId":"soil_fertility"},{"score":2.0,"param":"Vatten","paramId":"water"},{"score":2.0,"param":"Bekämpningsmedel","paramId":"pesticides"},{"score":2.0,"param":"Övergödning","paramId":"eutrophication"},{"score":null,"param":"Djuromsorg och antibiotika","paramId":"animal_welfare_antibiotics"},{"score":2.5,"param":"Arbetsförhållanden","paramId":"working_conditions"},{"score":2.5,"param":"Lokalbefolkning","paramId":"local_population"},{"score":3.0,"param":"Lagefterlevnad och spårbarhet","paramId":"compliance_traceability"}]}],"sustainabilityInfoApplicable":true},{"id":"2317432600004","type":"Product","ean":"2317432600004","name":"Melon","description":"Produkten varierar något i storlek och vikt. När du handlar hos oss visar vi en uppskattad vikt för varan och ett pris baserat på kilopriset. Ni debiteras efter vi plockat ihop era varor den verkliga vikten.<br> Vi garanterar att du alltid betalar för varans verkliga vikt.","imageUrl":"http://res.cloudinary.com/coopsverige/image/upload/v1649771967/cloud/24687.tiff","navCategories":[{"code":"32496","name":"Melon","superCategories":[{"code":"32484","name":"Frukt & bär","superCategories":[{"code":"16534","name":"Frukt & Grönsaker","superCategories":[]}]}]}],"packageSize":900.0,"packageSizeInformation":"900 gram ungefärlig vikt","packageSizeUnit":"gram ungefärlig vikt","pieceWeight":0.9,"salesPrice":29.95,"salesPriceData":{"b2cPrice":29.95,"b2bPrice":26.74},"piecePrice":26.96,"piecePriceData":{"b2cPrice":26.96,"b2bPrice":24.07},"salesUnit":"Vikt","comparativePriceText":"kr/kg","comparativePrice":29.95,"comparativePriceData":{"b2cPrice":29.95,"b2bPrice":26.74},"articleSold":false,"deposit":0.0,"depositData":{"b2cPrice":0.0,"b2bPrice":0.0},"vat":{"code":"vat-full-2","value":12.0,"type":"Percentage"},"animalFoodData":{},"fromSweden":false,"availableOnline":true,"isMagazine":false,"nutrientBasis":{},"originCountry":{"code":"SPAIN","value":"Spanien"},"replacementCountries":[],"variety":"Galia","class":"Klass 1","pharmaceuticalData":{"isPharmaceutical":false},"sustainabilityInfo":[{"productScore":[{"score":2.0,"param":"Biologisk mångfald","paramId":"biodiversity"},{"score":1.0,"param":"Klimat","paramId":"climate"},{"score":1.5,"param":"Bördighet","paramId":"soil_fertility"},{"score":2.0,"param":"Vatten","paramId":"water"},{"score":2.0,"param":"Bekämpningsmedel","paramId":"pesticides"},{"score":2.0,"param":"Övergödning","paramId":"eutrophication"},{"score":null,"param":"Djuromsorg och antibiotika","paramId":"animal_welfare_antibiotics"},{"score":4.5,"param":"Arbetsförhållanden","paramId":"working_conditions"},{"score":4.0,"param":"Lokalbefolkning","paramId":"local_population"},{"score":4.5,"param":"Lagefterlevnad och spårbarhet","paramId":"compliance_traceability"}]}],"sustainabilityInfoApplicable":true},{"id":"7300390940300","type":"Product","ean":"7300390940300","name":"Kiwi Grön Eko","imageUrl":"http://res.cloudinary.com/coopsverige/image/upload/v1443466066/49887.tiff","navCategories":[{"code":"334464","name":"Kiwi","superCategories":[{"code":"32484","name":"Frukt & bär","superCategories":[{"code":"16534","name":"Frukt & Grönsaker","superCategories":[]}]}]}],"packageSize":90.0,"packageSizeInformation":"90 gram ungefärlig vikt","packageSizeUnit":"gram ungefärlig vikt","pieceWeight":0.09,"salesPrice":9.95,"salesPriceData":{"b2cPrice":9.95,"b2bPrice":8.88},"piecePrice":9.95,"piecePriceData":{"b2cPrice":9.95,"b2bPrice":8.88},"salesUnit":"Styck","comparativePriceText":"kr/kg","comparativePrice":110.56,"comparativePriceData":{"b2cPrice":110.56,"b2bPrice":98.71},"articleSold":false,"deposit":0.0,"depositData":{"b2cPrice":0.0,"b2bPrice":0.0},"vat":{"code":"vat-full-2","value":12.0,"type":"Percentage"},"animalFoodData":{},"onlinePromotions":[{"id":"016001_35082","price":18.0,"priceData":{"b2cPrice":18.0,"b2bPrice":16.07},"startDate":"2025-07-06T22:00:00Z","endDate":"2025-07-13T22:00:00Z","message":"KIWI GRÖN EKO 2 FÖR 18 K-2 för 18:-","type":"MULTI_BUY_FIXED_PRICE","numberOfProductRequired":2,"medMeraRequired":false,"priority":910,"comparativePrice":{"b2cPrice":100.0,"b2bPrice":89.29},"higherThanHistoricalPrice":false}],"fromSweden":false,"availableOnline":true,"isMagazine":false,"nutrientBasis":{},"originCountry":{"code":"ITALY","value":"Italien"},"replacementCountries":[],"class":"Klass 1","pharmaceuticalData":{"isPharmaceutical":false},"sustainabilityInfoApplicable":true},{"id":"7300156598943","type":"Product","ean":"7300156598943","name":"Tomater Delikata","manufacturerName":"COOP","imageUrl":"http://res.cloudinary.com/coopsverige/image/upload/v1736345212/cloud/421813.jpg","navCategories":[{"code":"32408","name":"Tomat","superCategories":[{"code":"32361","name":"Grönsaker","superCategories":[{"code":"16534","name":"Frukt & Grönsaker","superCategories":[]}]}]}],"packageSize":190.0,"packageSizeInformation":"190 gram","packageSizeUnit":"Gram","salesPrice":29.95,"salesPriceData":{"b2cPrice":29.95,"b2bPrice":26.74},"piecePrice":29.95,"piecePriceData":{"b2cPrice":29.95,"b2bPrice":26.74},"salesUnit":"Styck","comparativePriceText":"kr/kg","comparativePrice":176.18,"comparativePriceData":{"b2cPrice":176.18,"b2bPrice":157.3},"articleSold":false,"deposit":0.0,"depositData":{"b2cPrice":0.0,"b2bPrice":0.0},"vat":{"code":"vat-full-2","value":12.0,"type":"Percentage"},"animalFoodData":{},"fromSweden":false,"availableOnline":true,"isMagazine":false,"nutrientBasis":{},"originCountry":{"code":"BELGIUM","value":"Belgien"},"replacementCountries":[],"pharmaceuticalData":{"isPharmaceutical":false},"sustainabilityInfoApplicable":true},{"id":"8713037005079","type":"Product","ean":"8713037005079","name":"Sötpotatis Eko","imageUrl":"http://res.cloudinary.com/coopsverige/image/upload/v1628675581/cloud/182864.tiff","navCategories":[{"code":"32466","name":"Potatis","superCategories":[{"code":"32361","name":"Grönsaker","superCategories":[{"code":"16534","name":"Frukt & Grönsaker","superCategories":[]}]}]}],"packageSize":500.0,"packageSizeInformation":"500 gram ungefärlig vikt","packageSizeUnit":"gram ungefärlig vikt","pieceWeight":0.5,"salesPrice":39.95,"salesPriceData":{"b2cPrice":39.95,"b2bPrice":35.67},"piecePrice":39.95,"piecePriceData":{"b2cPrice":39.95,"b2bPrice":35.67},"salesUnit":"Styck","comparativePriceText":"kr/kg","comparativePrice":79.9,"comparativePriceData":{"b2cPrice":79.9,"b2bPrice":71.34},"articleSold":false,"deposit":0.0,"depositData":{"b2cPrice":0.0,"b2bPrice":0.0},"vat":{"code":"vat-full-2","value":12.0,"type":"Percentage"},"animalFoodData":{},"fromSweden":false,"availableOnline":true,"isMagazine":false,"nutrientBasis":{},"originCountry":{"code":"SPAIN","value":"Spanien"},"replacementCountries":[],"pharmaceuticalData":{"isPharmaceutical":false},"sustainabilityInfo":[{"productScore":[{"score":1.0,"param":"Biologisk mångfald","paramId":"biodiversity"},{"score":1.0,"param":"Klimat","paramId":"climate"},{"score":1.0,"param":"Bördighet","paramId":"soil_fertility"},{"score":2.0,"param":"Vatten","paramId":"water"},{"score":1.0,"param":"Bekämpningsmedel","paramId":"pesticides"},{"score":1.0,"param":"Övergödning","paramId":"eutrophication"},{"score":null,"param":"Djuromsorg och antibiotika","paramId":"animal_welfare_antibiotics"},{"score":2.5,"param":"Arbetsförhållanden","paramId":"working_conditions"},{"score":3.0,"param":"Lokalbefolkning","paramId":"local_population"},{"score":1.0,"param":"Lagefterlevnad och spårbarhet","paramId":"compliance_traceability"}]}],"sustainabilityInfoApplicable":true},{"id":"7300156577481","type":"Product","ean":"7300156577481","name":"Potatis Små Fina","manufacturerName":"COOP","imageUrl":"http://res.cloudinary.com/coopsverige/image/upload/v1738326042/cloud/430358.jpg","navCategories":[{"code":"32466","name":"Potatis","superCategories":[{"code":"32361","name":"Grönsaker","superCategories":[{"code":"16534","name":"Frukt & Grönsaker","superCategories":[]}]}]}],"packageSize":900.0,"packageSizeInformation":"900 gram","packageSizeUnit":"Gram","salesPrice":22.95,"salesPriceData":{"b2cPrice":22.95,"b2bPrice":20.49},"piecePrice":22.95,"piecePriceData":{"b2cPrice":22.95,"b2bPrice":20.49},"salesUnit":"Styck","comparativePriceText":"kr/kg","comparativePrice":25.5,"comparativePriceData":{"b2cPrice":25.5,"b2bPrice":22.77},"articleSold":false,"deposit":0.0,"depositData":{"b2cPrice":0.0,"b2bPrice":0.0},"vat":{"code":"vat-full-2","value":12.0,"type":"Percentage"},"animalFoodData":{},"fromSweden":false,"availableOnline":true,"isMagazine":false,"nutrientBasis":{},"originCountry":{"code":"SWEDEN","value":"Sverige"},"replacementCountries":[],"class":"Klass 1","pharmaceuticalData":{"isPharmaceutical":false},"sustainabilityInfoApplicable":true},{"id":"7300156475091","type":"Product","ean":"7300156475091","name":"Paprika Mix","manufacturerName":"COOP","description":"Produkten varierar, paprikamixen kan komma att innehålla röd, gul, grön eller orange paprika. ","imageUrl":"http://res.cloudinary.com/coopsverige/image/upload/v1725957459/cloud/384451.jpg","navCategories":[{"code":"198002","name":"Paprika","superCategories":[{"code":"32361","name":"Grönsaker","superCategories":[{"code":"16534","name":"Frukt & Grönsaker","superCategories":[]}]}]}],"packageSize":400.0,"packageSizeInformation":"400 gram","packageSizeUnit":"Gram","salesPrice":27.95,"salesPriceData":{"b2cPrice":27.95,"b2bPrice":24.96},"piecePrice":27.95,"piecePriceData":{"b2cPrice":27.95,"b2bPrice":24.96},"salesUnit":"Styck","comparativePriceText":"kr/kg","comparativePrice":69.88,"comparativePriceData":{"b2cPrice":69.88,"b2bPrice":62.39},"articleSold":false,"deposit":0.0,"depositData":{"b2cPrice":0.0,"b2bPrice":0.0},"vat":{"code":"vat-full-2","value":12.0,"type":"Percentage"},"animalFoodData":{},"fromSweden":false,"availableOnline":true,"isMagazine":false,"nutrientBasis":{},"originCountry":{"code":"THE NETHERLANDS","value":"Nederländerna"},"replacementCountries":[{"code":"SPAIN","value":"Spanien"}],"class":"Klass 1","pharmaceuticalData":{"isPharmaceutical":false},"sustainabilityInfo":[{"productScore":[{"score":2.0,"param":"Biologisk mångfald","paramId":"biodiversity"},{"score":2.0,"param":"Klimat","paramId":"climate"},{"score":1.0,"param":"Bördighet","paramId":"soil_fertility"},{"score":2.0,"param":"Vatten","paramId":"water"},{"score":2.0,"param":"Bekämpningsmedel","paramId":"pesticides"},{"score":2.0,"param":"Övergödning","paramId":"eutrophication"},{"score":null,"param":"Djuromsorg och antibiotika","paramId":"animal_welfare_antibiotics"},{"score":1.0,"param":"Arbetsförhållanden","paramId":"working_conditions"},{"score":1.0,"param":"Lokalbefolkning","paramId":"local_population"},{"score":1.0,"param":"Lagefterlevnad och spårbarhet","paramId":"compliance_traceability"}]}],"sustainabilityInfoApplicable":true},{"id":"7300170040893","type":"Product","ean":"7300170040893","name":"Rädisor Knippe","imageUrl":"http://res.cloudinary.com/coopsverige/image/upload/v1440064153/49858.tiff","navCategories":[{"code":"32426","name":"Övriga Grönsaker","superCategories":[{"code":"32361","name":"Grönsaker","superCategories":[{"code":"16534","name":"Frukt & Grönsaker","superCategories":[]}]}]}],"packageSize":160.0,"packageSizeInformation":"160 gram ungefärlig vikt","packageSizeUnit":"gram ungefärlig vikt","pieceWeight":0.16,"salesPrice":14.95,"salesPriceData":{"b2cPrice":14.95,"b2bPrice":13.35},"piecePrice":14.95,"piecePriceData":{"b2cPrice":14.95,"b2bPrice":13.35},"salesUnit":"Styck","comparativePriceText":"kr/kg","comparativePrice":93.44,"comparativePriceData":{"b2cPrice":93.44,"b2bPrice":83.43},"articleSold":false,"deposit":0.0,"depositData":{"b2cPrice":0.0,"b2bPrice":0.0},"vat":{"code":"vat-full-2","value":12.0,"type":"Percentage"},"animalFoodData":{},"onlinePromotions":[{"id":"016001_35086","price":25.0,"priceData":{"b2cPrice":25.0,"b2bPrice":22.32},"startDate":"2025-07-06T22:00:00Z","endDate":"2025-07-13T22:00:00Z","message":"RÄDISOR 2 FÖR 25 KR-2 för 25:-","type":"MULTI_BUY_FIXED_PRICE","numberOfProductRequired":2,"medMeraRequired":false,"priority":910,"comparativePrice":{"b2cPrice":78.13,"b2bPrice":69.76},"higherThanHistoricalPrice":false}],"fromSweden":false,"availableOnline":true,"isMagazine":false,"nutrientBasis":{},"originCountry":{"code":"THE NETHERLANDS","value":"Nederländerna"},"replacementCountries":[],"class":"Klass 1","pharmaceuticalData":{"isPharmaceutical":false},"sustainabilityInfoApplicable":true},{"id":"7300156596437","type":"Product","ean":"7300156596437","name":"Champinjoner","manufacturerName":"COOP","imageUrl":"http://res.cloudinary.com/coopsverige/image/upload/v1679672311/cloud/277841.tiff","navCategories":[{"code":"32474","name":"Svamp","superCategories":[{"code":"32361","name":"Grönsaker","superCategories":[{"code":"16534","name":"Frukt & Grönsaker","superCategories":[]}]}]}],"packageSize":250.0,"packageSizeInformation":"250 gram","packageSizeUnit":"Gram","salesPrice":19.95,"salesPriceData":{"b2cPrice":19.95,"b2bPrice":17.81},"piecePrice":19.95,"piecePriceData":{"b2cPrice":19.95,"b2bPrice":17.81},"salesUnit":"Styck","comparativePriceText":"kr/kg","comparativePrice":79.8,"comparativePriceData":{"b2cPrice":79.8,"b2bPrice":71.25},"articleSold":false,"deposit":0.0,"depositData":{"b2cPrice":0.0,"b2bPrice":0.0},"vat":{"code":"vat-full-2","value":12.0,"type":"Percentage"},"animalFoodData":{},"fromSweden":false,"availableOnline":true,"isMagazine":false,"nutrientBasis":{},"originCountry":{"code":"POLAND","value":"Polen"},"replacementCountries":[{"code":"LITHUANIA","value":"Litauen"}],"pharmaceuticalData":{"isPharmaceutical":false},"sustainabilityInfoApplicable":true},{"id":"7300156598806","type":"Product","ean":"7300156598806","name":"Babyspenat","manufacturerName":"Coop","description":"Babyspenat. Sköljd och färdig att ätas.","imageUrl":"http://res.cloudinary.com/coopsverige/image/upload/v1730807178/cloud/399835.tiff","listOfIngredients":"Ingredienser: Babyspenat 100%","navCategories":[{"code":"334460","name":"Färdigskuret","superCategories":[{"code":"32361","name":"Grönsaker","superCategories":[{"code":"16534","name":"Frukt & Grönsaker","superCategories":[]}]}]}],"maxStorageTemperature":"4","packageSize":65.0,"packageSizeInformation":"65 g","packageSizeUnit":"Gram","salesPrice":14.95,"salesPriceData":{"b2cPrice":14.95,"b2bPrice":13.35},"piecePrice":14.95,"piecePriceData":{"b2cPrice":14.95,"b2bPrice":13.35},"salesUnit":"Styck","comparativePriceText":"kr/kg","comparativePrice":230.0,"comparativePriceData":{"b2cPrice":230.0,"b2bPrice":205.36},"articleSold":false,"deposit":0.0,"depositData":{"b2cPrice":0.0,"b2bPrice":0.0},"vat":{"code":"vat-full-2","value":12.0,"type":"Percentage"},"nutrientLinks":[{"amount":["24"],"description":"Energi","unit":"Kilokalori"},{"amount":["101"],"description":"Energi","unit":"Kilojoule"},{"amount":["0.4"],"description":"Fett","unit":"Gram"},{"amount":["0.1"],"description":"Varav mättat fett","unit":"Gram"},{"amount":["0.8"],"description":"Kolhydrat","unit":"Gram"},{"amount":["0.3"],"description":"Varav sockerarter","unit":"Gram"},{"amount":["3.3"],"description":"Protein","unit":"Gram"},{"amount":["0.3"],"description":"Salt","unit":"Gram"}],"animalFoodData":{},"fromSweden":false,"availableOnline":true,"countryOfOriginCodes":[{"code":"752","value":"Sverige"}],"isMagazine":false,"nutrientBasis":{"quantity":100.0},"originCountry":{"code":"SWEDEN","value":"Sverige"},"replacementCountries":[],"pharmaceuticalData":{"isPharmaceutical":false},"nutrientInformation":[{"header":{"nutrientBasisQuantity":100.0,"nutrientBasisQuantityType":"BY_MEASURE","nutrientBasisQuantityUnit":{"code":"GRM","value":"Gram"}}}],"regulatedArticleDescription":"Babyspenat 65gr","sustainabilityInfoApplicable":true},{"id":"7350008378018","type":"Product","ean":"7350008378018","name":"Roman Sallad","imageUrl":"http://res.cloudinary.com/coopsverige/image/upload/v1440067440/50008.tiff","navCategories":[{"code":"32456","name":"Sallad & Groddar","superCategories":[{"code":"32361","name":"Grönsaker","superCategories":[{"code":"16534","name":"Frukt & Grönsaker","superCategories":[]}]}]}],"packageSize":250.0,"packageSizeInformation":"250 gram ungefärlig vikt","packageSizeUnit":"gram ungefärlig vikt","pieceWeight":0.25,"salesPrice":14.95,"salesPriceData":{"b2cPrice":14.95,"b2bPrice":13.35},"piecePrice":14.95,"piecePriceData":{"b2cPrice":14.95,"b2bPrice":13.35},"salesUnit":"Styck","comparativePriceText":"","comparativePrice":67.8,"comparativePriceData":{"b2cPrice":67.8,"b2bPrice":60.54},"articleSold":false,"deposit":0.0,"depositData":{"b2cPrice":0.0,"b2bPrice":0.0},"vat":{"code":"vat-full-2","value":12.0,"type":"Percentage"},"animalFoodData":{},"fromSweden":false,"availableOnline":true,"isMagazine":false,"nutrientBasis":{},"originCountry":{"code":"SWEDEN","value":"Sverige"},"replacementCountries":[],"class":"Klass 1","pharmaceuticalData":{"isPharmaceutical":false},"sustainabilityInfo":[{"productScore":[{"score":2.0,"param":"Biologisk mångfald","paramId":"biodiversity"},{"score":1.0,"param":"Klimat","paramId":"climate"},{"score":3.0,"param":"Bördighet","paramId":"soil_fertility"},{"score":1.0,"param":"Vatten","paramId":"water"},{"score":2.0,"param":"Bekämpningsmedel","paramId":"pesticides"},{"score":2.0,"param":"Övergödning","paramId":"eutrophication"},{"score":null,"param":"Djuromsorg och antibiotika","paramId":"animal_welfare_antibiotics"},{"score":1.0,"param":"Arbetsförhållanden","paramId":"working_conditions"},{"score":1.0,"param":"Lokalbefolkning","paramId":"local_population"},{"score":1.0,"param":"Lagefterlevnad och spårbarhet","paramId":"compliance_traceability"}]}],"sustainabilityInfoApplicable":true},{"id":"7300156589538","type":"Product","ean":"7300156589538","name":"Avokado Ätmogen 3-pack","manufacturerName":"COOP","imageUrl":"http://res.cloudinary.com/coopsverige/image/upload/v1727857129/cloud/391207.jpg","navCategories":[{"code":"334453","name":"Avokado","superCategories":[{"code":"32361","name":"Grönsaker","superCategories":[{"code":"16534","name":"Frukt & Grönsaker","superCategories":[]}]}]}],"maxStorageTemperature":"8","packageSize":400.0,"packageSizeInformation":"400 gram","packageSizeUnit":"Gram","salesPrice":25.0,"salesPriceData":{"b2cPrice":25.0,"b2bPrice":22.32},"piecePrice":25.0,"piecePriceData":{"b2cPrice":25.0,"b2bPrice":22.32},"salesUnit":"Styck","comparativePriceText":"kr/st","comparativePrice":62.5,"comparativePriceData":{"b2cPrice":62.5,"b2bPrice":55.8},"articleSold":false,"deposit":0.0,"depositData":{"b2cPrice":0.0,"b2bPrice":0.0},"vat":{"code":"vat-full-2","value":12.0,"type":"Percentage"},"animalFoodData":{},"fromSweden":false,"availableOnline":true,"isMagazine":false,"nutrientBasis":{},"originCountry":{"code":"CHILE","value":"Chile"},"replacementCountries":[{"code":"ISRAEL","value":"Israel"}],"variety":"Hass","class":"Klass 1","pharmaceuticalData":{"isPharmaceutical":false},"sustainabilityInfo":[{"productScore":[{"score":2.0,"param":"Biologisk mångfald","paramId":"biodiversity"},{"score":2.0,"param":"Klimat","paramId":"climate"},{"score":2.0,"param":"Bördighet","paramId":"soil_fertility"},{"score":2.0,"param":"Vatten","paramId":"water"},{"score":2.0,"param":"Bekämpningsmedel","paramId":"pesticides"},{"score":2.0,"param":"Övergödning","paramId":"eutrophication"},{"score":null,"param":"Djuromsorg och antibiotika","paramId":"animal_welfare_antibiotics"},{"score":2.0,"param":"Arbetsförhållanden","paramId":"working_conditions"},{"score":3.0,"param":"Lokalbefolkning","paramId":"local_population"},{"score":2.5,"param":"Lagefterlevnad och spårbarhet","paramId":"compliance_traceability"}]}],"sustainabilityInfoApplicable":true},{"id":"7300156584090","type":"Product","ean":"7300156584090","name":"Paprika Snack Röd","manufacturerName":"COOP","imageUrl":"http://res.cloudinary.com/coopsverige/image/upload/v1625576251/cloud/230499.tiff","navCategories":[{"code":"198002","name":"Paprika","superCategories":[{"code":"32361","name":"Grönsaker","superCategories":[{"code":"16534","name":"Frukt & Grönsaker","superCategories":[]}]}]}],"packageSize":200.0,"packageSizeInformation":"200 gram","packageSizeUnit":"Gram","salesPrice":19.95,"salesPriceData":{"b2cPrice":19.95,"b2bPrice":17.81},"piecePrice":19.95,"piecePriceData":{"b2cPrice":19.95,"b2bPrice":17.81},"salesUnit":"Styck","comparativePriceText":"kr/kg","comparativePrice":99.75,"comparativePriceData":{"b2cPrice":99.75,"b2bPrice":89.06},"articleSold":false,"deposit":0.0,"depositData":{"b2cPrice":0.0,"b2bPrice":0.0},"vat":{"code":"vat-full-2","value":12.0,"type":"Percentage"},"animalFoodData":{},"fromSweden":false,"availableOnline":true,"isMagazine":false,"nutrientBasis":{},"originCountry":{"code":"THE NETHERLANDS","value":"Nederländerna"},"replacementCountries":[{"code":"SPAIN","value":"Spanien"}],"pharmaceuticalData":{"isPharmaceutical":false},"sustainabilityInfo":[{"productScore":[{"score":2.0,"param":"Biologisk mångfald","paramId":"biodiversity"},{"score":1.0,"param":"Klimat","paramId":"climate"},{"score":2.0,"param":"Bördighet","paramId":"soil_fertility"},{"score":2.0,"param":"Vatten","paramId":"water"},{"score":2.0,"param":"Bekämpningsmedel","paramId":"pesticides"},{"score":2.0,"param":"Övergödning","paramId":"eutrophication"},{"score":null,"param":"Djuromsorg och antibiotika","paramId":"animal_welfare_antibiotics"},{"score":2.5,"param":"Arbetsförhållanden","paramId":"working_conditions"},{"score":3.0,"param":"Lokalbefolkning","paramId":"local_population"},{"score":3.0,"param":"Lagefterlevnad och spårbarhet","paramId":"compliance_traceability"}]}],"sustainabilityInfoApplicable":true},{"id":"7300156591463","type":"Product","ean":"7300156591463","name":"Broccoli","manufacturerName":"COOP","imageUrl":"http://res.cloudinary.com/coopsverige/image/upload/v1725363767/cloud/382565.jpg","navCategories":[{"code":"334457","name":"Blomkål & Broccoli","superCategories":[{"code":"32361","name":"Grönsaker","superCategories":[{"code":"16534","name":"Frukt & Grönsaker","superCategories":[]}]}]}],"packageSize":250.0,"packageSizeInformation":"250 gram","packageSizeUnit":"Gram","salesPrice":16.95,"salesPriceData":{"b2cPrice":16.95,"b2bPrice":15.13},"piecePrice":16.95,"piecePriceData":{"b2cPrice":16.95,"b2bPrice":15.13},"salesUnit":"Styck","comparativePriceText":"kr/kg","comparativePrice":67.8,"comparativePriceData":{"b2cPrice":67.8,"b2bPrice":60.54},"articleSold":false,"deposit":0.0,"depositData":{"b2cPrice":0.0,"b2bPrice":0.0},"vat":{"code":"vat-full-2","value":12.0,"type":"Percentage"},"animalFoodData":{},"fromSweden":false,"availableOnline":true,"isMagazine":false,"nutrientBasis":{},"originCountry":{"code":"SWEDEN","value":"Sverige"},"replacementCountries":[{"code":"SPAIN","value":"Spanien"}],"class":"Klass 1","pharmaceuticalData":{"isPharmaceutical":false},"sustainabilityInfoApplicable":true},{"id":"7300156476302","type":"Product","ean":"7300156476302","name":"Morötter","manufacturerName":"COOP","imageUrl":"http://res.cloudinary.com/coopsverige/image/upload/v1729692445/cloud/396496.jpg","navCategories":[{"code":"32470","name":"Morötter","superCategories":[{"code":"32361","name":"Grönsaker","superCategories":[{"code":"16534","name":"Frukt & Grönsaker","superCategories":[]}]}]}],"packageSize":500.0,"packageSizeInformation":"500 gram","packageSizeUnit":"Gram","salesPrice":11.95,"salesPriceData":{"b2cPrice":11.95,"b2bPrice":10.67},"piecePrice":11.95,"piecePriceData":{"b2cPrice":11.95,"b2bPrice":10.67},"salesUnit":"Styck","comparativePriceText":"kr/kg","comparativePrice":23.9,"comparativePriceData":{"b2cPrice":23.9,"b2bPrice":21.34},"articleSold":false,"deposit":0.0,"depositData":{"b2cPrice":0.0,"b2bPrice":0.0},"vat":{"code":"vat-full-2","value":12.0,"type":"Percentage"},"animalFoodData":{},"fromSweden":false,"availableOnline":true,"isMagazine":false,"nutrientBasis":{},"originCountry":{"code":"SWEDEN","value":"Sverige"},"replacementCountries":[],"class":"Klass 1","pharmaceuticalData":{"isPharmaceutical":false},"sustainabilityInfoApplicable":true},{"id":"7300156598790","type":"Product","ean":"7300156598790","name":"Rucola","manufacturerName":"Coop","description":"Rucola. Sköljd och färdiga att ätas.","imageUrl":"http://res.cloudinary.com/coopsverige/image/upload/v1730104727/cloud/397267.tiff","listOfIngredients":"Ingredienser: Rucola 100%","navCategories":[{"code":"334460","name":"Färdigskuret","superCategories":[{"code":"32361","name":"Grönsaker","superCategories":[{"code":"16534","name":"Frukt & Grönsaker","superCategories":[]}]}]}],"accreditedTags":[{"code":"GLOBAL_GAP"},{"code":"GRASP"}],"maxStorageTemperature":"4","packageSize":65.0,"packageSizeInformation":"65 g","packageSizeUnit":"Gram","salesPrice":14.95,"salesPriceData":{"b2cPrice":14.95,"b2bPrice":13.35},"piecePrice":14.95,"piecePriceData":{"b2cPrice":14.95,"b2bPrice":13.35},"salesUnit":"Styck","comparativePriceText":"kr/kg","comparativePrice":230.0,"comparativePriceData":{"b2cPrice":230.0,"b2bPrice":205.36},"articleSold":false,"deposit":0.0,"depositData":{"b2cPrice":0.0,"b2bPrice":0.0},"vat":{"code":"vat-full-2","value":12.0,"type":"Percentage"},"nutrientLinks":[{"amount":["28"],"description":"Energi","unit":"Kilokalori"},{"amount":["115"],"description":"Energi","unit":"Kilojoule"},{"amount":["0.7"],"description":"Fett","unit":"Gram"},{"amount":["0.1"],"description":"Varav mättat fett","unit":"Gram"},{"amount":["2"],"description":"Kolhydrat","unit":"Gram"},{"amount":["0.9"],"description":"Varav sockerarter","unit":"Gram"},{"amount":["2.6"],"description":"Protein","unit":"Gram"},{"amount":["0.2"],"description":"Salt","unit":"Gram"}],"animalFoodData":{},"fromSweden":false,"availableOnline":true,"countryOfOriginCodes":[{"code":"752","value":"Sverige"}],"isMagazine":false,"nutrientBasis":{"quantity":100.0},"originCountry":{"code":"SWEDEN","value":"Sverige"},"replacementCountries":[],"pharmaceuticalData":{"isPharmaceutical":false},"nutrientInformation":[{"header":{"nutrientBasisQuantity":100.0,"nutrientBasisQuantityType":"BY_MEASURE","nutrientBasisQuantityUnit":{"code":"GRM","value":"Gram"}}}],"regulatedArticleDescription":"Rucola 65gr","sustainabilityInfoApplicable":true},{"id":"2317455200007","type":"Product","ean":"2317455200007","name":"Salladskål","imageUrl":"http://res.cloudinary.com/coopsverige/image/upload/v1440061904/49501.tiff","navCategories":[{"code":"32456","name":"Sallad & Groddar","superCategories":[{"code":"32361","name":"Grönsaker","superCategories":[{"code":"16534","name":"Frukt & Grönsaker","superCategories":[]}]}]}],"packageSize":950.0,"packageSizeInformation":"950 gram ungefärlig vikt","packageSizeUnit":"gram ungefärlig vikt","pieceWeight":0.95,"salesPrice":24.95,"salesPriceData":{"b2cPrice":24.95,"b2bPrice":22.28},"piecePrice":23.7,"piecePriceData":{"b2cPrice":23.7,"b2bPrice":21.16},"salesUnit":"Vikt","comparativePriceText":"kr/kg","comparativePrice":24.95,"comparativePriceData":{"b2cPrice":24.95,"b2bPrice":22.28},"articleSold":false,"deposit":0.0,"depositData":{"b2cPrice":0.0,"b2bPrice":0.0},"vat":{"code":"vat-full-2","value":12.0,"type":"Percentage"},"animalFoodData":{},"fromSweden":false,"availableOnline":true,"isMagazine":false,"nutrientBasis":{},"originCountry":{"code":"THE NETHERLANDS","value":"Nederländerna"},"replacementCountries":[],"class":"Klass 1","pharmaceuticalData":{"isPharmaceutical":false},"sustainabilityInfo":[{"productScore":[{"score":2.0,"param":"Biologisk mångfald","paramId":"biodiversity"},{"score":1.0,"param":"Klimat","paramId":"climate"},{"score":2.0,"param":"Bördighet","paramId":"soil_fertility"},{"score":2.0,"param":"Vatten","paramId":"water"},{"score":2.0,"param":"Bekämpningsmedel","paramId":"pesticides"},{"score":2.0,"param":"Övergödning","paramId":"eutrophication"},{"score":null,"param":"Djuromsorg och antibiotika","paramId":"animal_welfare_antibiotics"},{"score":2.5,"param":"Arbetsförhållanden","paramId":"working_conditions"},{"score":2.5,"param":"Lokalbefolkning","paramId":"local_population"},{"score":1.0,"param":"Lagefterlevnad och spårbarhet","paramId":"compliance_traceability"}]}],"sustainabilityInfoApplicable":true},{"id":"7300156579577","type":"Product","ean":"7300156579577","name":"Isbergssallat ","manufacturerName":"Coop","description":"Isbergssallat tvättad skuren, snitt: 20 mm Mild, frisk och krispig. Sköljd och färdig att servera.","imageUrl":"http://res.cloudinary.com/coopsverige/image/upload/v1731593826/cloud/403772.tiff","listOfIngredients":"Isbergssallat 100 %","navCategories":[{"code":"334460","name":"Färdigskuret","superCategories":[{"code":"32361","name":"Grönsaker","superCategories":[{"code":"16534","name":"Frukt & Grönsaker","superCategories":[]}]}]}],"maxStorageTemperature":"4","packageSize":200.0,"packageSizeInformation":"200 g","packageSizeUnit":"Gram","salesPrice":19.95,"salesPriceData":{"b2cPrice":19.95,"b2bPrice":17.81},"piecePrice":19.95,"piecePriceData":{"b2cPrice":19.95,"b2bPrice":17.81},"salesUnit":"Styck","comparativePriceText":"kr/kg","comparativePrice":99.75,"comparativePriceData":{"b2cPrice":99.75,"b2bPrice":89.06},"articleSold":false,"deposit":0.0,"depositData":{"b2cPrice":0.0,"b2bPrice":0.0},"vat":{"code":"vat-full-2","value":12.0,"type":"Percentage"},"nutrientLinks":[{"amount":["61"],"description":"Energi","unit":"Kilojoule"},{"amount":["15"],"description":"Energi","unit":"Kilokalori"},{"amount":["0.50"],"description":"Fett","unit":"Gram"},{"amount":["0"],"description":"Varav mättat fett","unit":"Gram"},{"amount":["2.50"],"description":"Kolhydrat","unit":"Gram"},{"amount":["2.20"],"description":"Varav sockerarter","unit":"Gram"},{"amount":["0.80"],"description":"Protein","unit":"Gram"},{"amount":["0.01"],"description":"Salt","unit":"Gram"},{"amount":["0.01"],"description":"NACL","unit":"Gram"}],"animalFoodData":{},"fromSweden":false,"availableOnline":true,"countryOfOriginCodes":[{"code":"752","value":"Sverige"}],"isMagazine":false,"nutrientBasis":{"quantity":100.0},"originCountry":{"code":"SWEDEN","value":"Sverige"},"replacementCountries":[],"pharmaceuticalData":{"isPharmaceutical":false},"nutrientInformation":[{"header":{"nutrientBasisQuantity":100.0,"nutrientBasisQuantityUnit":{"code":"GRM","value":"Gram"}}}],"sustainabilityInfo":[{"productScore":[{"score":2.0,"param":"Biologisk mångfald","paramId":"biodiversity"},{"score":1.0,"param":"Klimat","paramId":"climate"},{"score":2.0,"param":"Bördighet","paramId":"soil_fertility"},{"score":2.0,"param":"Vatten","paramId":"water"},{"score":2.0,"param":"Bekämpningsmedel","paramId":"pesticides"},{"score":2.0,"param":"Övergödning","paramId":"eutrophication"},{"score":null,"param":"Djuromsorg och antibiotika","paramId":"animal_welfare_antibiotics"},{"score":1.5,"param":"Arbetsförhållanden","paramId":"working_conditions"},{"score":2.0,"param":"Lokalbefolkning","paramId":"local_population"},{"score":2.0,"param":"Lagefterlevnad och spårbarhet","paramId":"compliance_traceability"}]}],"regulatedArticleDescription":"Skuren isbergssallat 200g","sustainabilityInfoApplicable":true},{"id":"7323130109355","type":"Product","ean":"7323130109355","name":"Mungbönsgroddar Eko","imageUrl":"http://res.cloudinary.com/coopsverige/image/upload/v1439905076/48840.tiff","navCategories":[{"code":"32456","name":"Sallad & Groddar","superCategories":[{"code":"32361","name":"Grönsaker","superCategories":[{"code":"16534","name":"Frukt & Grönsaker","superCategories":[]}]}]}],"packageSizeInformation":"180 g","salesPrice":24.95,"salesPriceData":{"b2cPrice":24.95,"b2bPrice":22.28},"piecePrice":24.95,"piecePriceData":{"b2cPrice":24.95,"b2bPrice":22.28},"salesUnit":"Styck","comparativePriceText":"kr/kg","comparativePrice":138.61,"comparativePriceData":{"b2cPrice":138.61,"b2bPrice":123.76},"articleSold":false,"deposit":0.0,"depositData":{"b2cPrice":0.0,"b2bPrice":0.0},"vat":{"code":"vat-full-2","value":12.0,"type":"Percentage"},"animalFoodData":{},"onlinePromotions":[{"id":"016001_34497","price":40.0,"priceData":{"b2cPrice":40.0,"b2bPrice":35.71},"startDate":"2025-06-15T22:00:00Z","endDate":"2025-08-03T22:00:00Z","message":"GRODDAR 2 FÖR 40 KR-2 för 40:-","type":"MULTI_BUY_FIXED_PRICE","numberOfProductRequired":2,"medMeraRequired":false,"priority":910,"comparativePrice":{"b2cPrice":111.11,"b2bPrice":99.21},"higherThanHistoricalPrice":false}],"fromSweden":false,"availableOnline":true,"isMagazine":false,"nutrientBasis":{},"originCountry":{"code":"SWEDEN","value":"Sverige"},"replacementCountries":[],"pharmaceuticalData":{"isPharmaceutical":false},"sustainabilityInfo":[{"productScore":[{"score":4.0,"param":"Biologisk mångfald","paramId":"biodiversity"},{"score":1.0,"param":"Klimat","paramId":"climate"},{"score":3.0,"param":"Bördighet","paramId":"soil_fertility"},{"score":1.0,"param":"Vatten","paramId":"water"},{"score":2.0,"param":"Bekämpningsmedel","paramId":"pesticides"},{"score":3.0,"param":"Övergödning","paramId":"eutrophication"},{"score":null,"param":"Djuromsorg och antibiotika","paramId":"animal_welfare_antibiotics"},{"score":2.0,"param":"Arbetsförhållanden","paramId":"working_conditions"},{"score":1.0,"param":"Lokalbefolkning","paramId":"local_population"},{"score":0.5,"param":"Lagefterlevnad och spårbarhet","paramId":"compliance_traceability"}]}],"sustainabilityInfoApplicable":true},{"id":"7340007902789","type":"Product","ean":"7340007902789","name":"Sallat Crisp","imageUrl":"http://res.cloudinary.com/coopsverige/image/upload/v1684916861/cloud/281264.tiff","navCategories":[{"code":"32456","name":"Sallad & Groddar","superCategories":[{"code":"32361","name":"Grönsaker","superCategories":[{"code":"16534","name":"Frukt & Grönsaker","superCategories":[]}]}]}],"packageSize":250.0,"packageSizeInformation":"250 gram ungefärlig vikt","packageSizeUnit":"gram ungefärlig vikt","pieceWeight":0.25,"salesPrice":22.95,"salesPriceData":{"b2cPrice":22.95,"b2bPrice":20.49},"piecePrice":22.95,"piecePriceData":{"b2cPrice":22.95,"b2bPrice":20.49},"salesUnit":"Styck","comparativePriceText":"kr/st","comparativePrice":22.95,"comparativePriceData":{"b2cPrice":22.95,"b2bPrice":20.49},"articleSold":false,"deposit":0.0,"depositData":{"b2cPrice":0.0,"b2bPrice":0.0},"vat":{"code":"vat-full-2","value":12.0,"type":"Percentage"},"animalFoodData":{},"fromSweden":false,"availableOnline":true,"isMagazine":false,"nutrientBasis":{},"originCountry":{"code":"SWEDEN","value":"Sverige"},"replacementCountries":[],"class":"Klass 1","pharmaceuticalData":{"isPharmaceutical":false},"sustainabilityInfo":[{"productScore":[{"score":2.0,"param":"Biologisk mångfald","paramId":"biodiversity"},{"score":1.0,"param":"Klimat","paramId":"climate"},{"score":3.0,"param":"Bördighet","paramId":"soil_fertility"},{"score":1.0,"param":"Vatten","paramId":"water"},{"score":2.0,"param":"Bekämpningsmedel","paramId":"pesticides"},{"score":2.0,"param":"Övergödning","paramId":"eutrophication"},{"score":null,"param":"Djuromsorg och antibiotika","paramId":"animal_welfare_antibiotics"},{"score":1.0,"param":"Arbetsförhållanden","paramId":"working_conditions"},{"score":1.0,"param":"Lokalbefolkning","paramId":"local_population"},{"score":1.0,"param":"Lagefterlevnad och spårbarhet","paramId":"compliance_traceability"}]}],"sustainabilityInfoApplicable":true},{"id":"7340011309604","type":"Product","ean":"7340011309604","name":"Paprikamix 2-pack Eko","manufacturerName":"Änglamark","description":"Produkten varierar, paprikamixen kan komma att innehålla röd, gul, grön eller orange paprika.","imageUrl":"http://res.cloudinary.com/coopsverige/image/upload/v1725957557/cloud/384461.jpg","navCategories":[{"code":"198002","name":"Paprika","superCategories":[{"code":"32361","name":"Grönsaker","superCategories":[{"code":"16534","name":"Frukt & Grönsaker","superCategories":[]}]}]}],"accreditedTags":[{"code":"EU_ORGANIC_FARMING","description":"EU Ekologiskt jordbruk","imageUrl":"https://res.cloudinary.com/coopsverige/image/upload/cooponline/produktmarkning/EUOrganicFarmingLogo.jpg","priority":210},{"code":"KRAV_MARK","description":"KRAV-märkt","imageUrl":"https://res.cloudinary.com/coopsverige/image/upload/cooponline/produktmarkning/KRAVLogo.svg","priority":330}],"packageSize":300.0,"packageSizeInformation":"300 gram","packageSizeUnit":"Gram","salesPrice":39.95,"salesPriceData":{"b2cPrice":39.95,"b2bPrice":35.67},"piecePrice":39.95,"piecePriceData":{"b2cPrice":39.95,"b2bPrice":35.67},"salesUnit":"Styck","comparativePriceText":"kr/kg","comparativePrice":133.17,"comparativePriceData":{"b2cPrice":133.17,"b2bPrice":118.9},"articleSold":false,"deposit":0.0,"depositData":{"b2cPrice":0.0,"b2bPrice":0.0},"vat":{"code":"vat-full-2","value":12.0,"type":"Percentage"},"animalFoodData":{},"fromSweden":false,"availableOnline":true,"countryOfOriginCodes":[{"code":"752","value":"Sverige"}],"isMagazine":false,"nutrientBasis":{},"originCountry":{"code":"SPAIN","value":"Spanien"},"replacementCountries":[{"code":"THE NETHERLANDS","value":"Nederländerna"}],"class":"Klass 1","pharmaceuticalData":{"isPharmaceutical":false},"sustainabilityInfoApplicable":true},{"id":"7392938006005","type":"Product","ean":"7392938006005","name":"Ärtskott Eko","imageUrl":"http://res.cloudinary.com/coopsverige/image/upload/v1649744017/cloud/250866.tiff","navCategories":[{"code":"32456","name":"Sallad & Groddar","superCategories":[{"code":"32361","name":"Grönsaker","superCategories":[{"code":"16534","name":"Frukt & Grönsaker","superCategories":[]}]}]}],"accreditedTags":[{"code":"EU_ORGANIC_FARMING","description":"EU Ekologiskt jordbruk","imageUrl":"https://res.cloudinary.com/coopsverige/image/upload/cooponline/produktmarkning/EUOrganicFarmingLogo.jpg","priority":210}],"maxStorageTemperature":"8","packageSize":100.0,"packageSizeInformation":"100 g","packageSizeUnit":"Gram","salesPrice":31.95,"salesPriceData":{"b2cPrice":31.95,"b2bPrice":28.53},"piecePrice":31.95,"piecePriceData":{"b2cPrice":31.95,"b2bPrice":28.53},"salesUnit":"Styck","comparativePriceText":"kr/kg","comparativePrice":319.5,"comparativePriceData":{"b2cPrice":319.5,"b2bPrice":285.27},"articleSold":false,"deposit":0.0,"depositData":{"b2cPrice":0.0,"b2bPrice":0.0},"vat":{"code":"vat-full-2","value":12.0,"type":"Percentage"},"animalFoodData":{},"fromSweden":false,"availableOnline":true,"countryOfOriginCodes":[{"code":"752","value":"Sverige"}],"isMagazine":false,"nutrientBasis":{},"originCountry":{"code":"SWEDEN","value":"Sverige"},"replacementCountries":[],"class":"Klass 1","pharmaceuticalData":{"isPharmaceutical":false},"sustainabilityInfo":[{"productScore":[{"score":1.0,"param":"Biologisk mångfald","paramId":"biodiversity"},{"score":1.0,"param":"Klimat","paramId":"climate"},{"score":1.0,"param":"Bördighet","paramId":"soil_fertility"},{"score":1.0,"param":"Vatten","paramId":"water"},{"score":1.0,"param":"Bekämpningsmedel","paramId":"pesticides"},{"score":1.0,"param":"Övergödning","paramId":"eutrophication"},{"score":null,"param":"Djuromsorg och antibiotika","paramId":"animal_welfare_antibiotics"},{"score":1.0,"param":"Arbetsförhållanden","paramId":"working_conditions"},{"score":1.0,"param":"Lokalbefolkning","paramId":"local_population"},{"score":1.0,"param":"Lagefterlevnad och spårbarhet","paramId":"compliance_traceability"}]}],"sustainabilityInfoApplicable":true},{"id":"7392052438133","type":"Product","ean":"7392052438133","name":"Alfalfa Groddar Eko","imageUrl":"http://res.cloudinary.com/coopsverige/image/upload/v1440067550/50029.tiff","navCategories":[{"code":"32456","name":"Sallad & Groddar","superCategories":[{"code":"32361","name":"Grönsaker","superCategories":[{"code":"16534","name":"Frukt & Grönsaker","superCategories":[]}]}]}],"packageSizeInformation":"130 gr","salesPrice":24.95,"salesPriceData":{"b2cPrice":24.95,"b2bPrice":22.28},"piecePrice":24.95,"piecePriceData":{"b2cPrice":24.95,"b2bPrice":22.28},"salesUnit":"Styck","comparativePriceText":"kr/kg","comparativePrice":191.92,"comparativePriceData":{"b2cPrice":191.92,"b2bPrice":171.36},"articleSold":false,"deposit":0.0,"depositData":{"b2cPrice":0.0,"b2bPrice":0.0},"vat":{"code":"vat-full-2","value":12.0,"type":"Percentage"},"animalFoodData":{},"onlinePromotions":[{"id":"016001_34497","price":40.0,"priceData":{"b2cPrice":40.0,"b2bPrice":35.71},"startDate":"2025-06-15T22:00:00Z","endDate":"2025-08-03T22:00:00Z","message":"GRODDAR 2 FÖR 40 KR-2 för 40:-","type":"MULTI_BUY_FIXED_PRICE","numberOfProductRequired":2,"medMeraRequired":false,"priority":910,"comparativePrice":{"b2cPrice":153.84,"b2bPrice":137.36},"higherThanHistoricalPrice":false}],"fromSweden":false,"availableOnline":true,"isMagazine":false,"nutrientBasis":{},"originCountry":{"code":"SWEDEN","value":"Sverige"},"replacementCountries":[],"pharmaceuticalData":{"isPharmaceutical":false},"sustainabilityInfoApplicable":true},{"id":"7340011309598","type":"Product","ean":"7340011309598","name":"Paprika Snack Eko","manufacturerName":"Änglamark","imageUrl":"http://res.cloudinary.com/coopsverige/image/upload/v1725957955/cloud/384501.jpg","navCategories":[{"code":"198002","name":"Paprika","superCategories":[{"code":"32361","name":"Grönsaker","superCategories":[{"code":"16534","name":"Frukt & Grönsaker","superCategories":[]}]}]}],"accreditedTags":[{"code":"EU_ORGANIC_FARMING","description":"EU Ekologiskt jordbruk","imageUrl":"https://res.cloudinary.com/coopsverige/image/upload/cooponline/produktmarkning/EUOrganicFarmingLogo.jpg","priority":210},{"code":"KRAV_MARK","description":"KRAV-märkt","imageUrl":"https://res.cloudinary.com/coopsverige/image/upload/cooponline/produktmarkning/KRAVLogo.svg","priority":330}],"packageSize":170.0,"packageSizeInformation":"170 g","packageSizeUnit":"Gram","salesPrice":39.95,"salesPriceData":{"b2cPrice":39.95,"b2bPrice":35.67},"piecePrice":39.95,"piecePriceData":{"b2cPrice":39.95,"b2bPrice":35.67},"salesUnit":"Styck","comparativePriceText":"kr/kg","comparativePrice":235.0,"comparativePriceData":{"b2cPrice":235.0,"b2bPrice":209.82},"articleSold":false,"deposit":0.0,"depositData":{"b2cPrice":0.0,"b2bPrice":0.0},"vat":{"code":"vat-full-2","value":12.0,"type":"Percentage"},"animalFoodData":{},"fromSweden":false,"availableOnline":true,"countryOfOriginCodes":[{"code":"724","value":"Spanien"}],"isMagazine":false,"nutrientBasis":{},"originCountry":{"code":"SPAIN","value":"Spanien"},"replacementCountries":[],"class":"Klass 1","pharmaceuticalData":{"isPharmaceutical":false},"sustainabilityInfo":[{"productScore":[{"score":1.0,"param":"Biologisk mångfald","paramId":"biodiversity"},{"score":1.0,"param":"Klimat","paramId":"climate"},{"score":1.0,"param":"Bördighet","paramId":"soil_fertility"},{"score":2.0,"param":"Vatten","paramId":"water"},{"score":1.0,"param":"Bekämpningsmedel","paramId":"pesticides"},{"score":1.0,"param":"Övergödning","paramId":"eutrophication"},{"score":null,"param":"Djuromsorg och antibiotika","paramId":"animal_welfare_antibiotics"},{"score":2.0,"param":"Arbetsförhållanden","paramId":"working_conditions"},{"score":2.0,"param":"Lokalbefolkning","paramId":"local_population"},{"score":1.0,"param":"Lagefterlevnad och spårbarhet","paramId":"compliance_traceability"}]}],"sustainabilityInfoApplicable":true},{"id":"2317404900002","type":"Product","ean":"2317404900002","name":"Melon","description":"Produkten varierar något i storlek och vikt. När du handlar hos oss visar vi en uppskattad vikt för varan och ett pris baserat på kilopriset. Ni debiteras efter vi plockat ihop era varor den verkliga vikten.<br> Vi garanterar att du alltid betalar för varans verkliga vikt.","imageUrl":"http://res.cloudinary.com/coopsverige/image/upload/v1654264363/cloud/24658.tiff","navCategories":[{"code":"32496","name":"Melon","superCategories":[{"code":"32484","name":"Frukt & bär","superCategories":[{"code":"16534","name":"Frukt & Grönsaker","superCategories":[]}]}]}],"packageSize":1350.0,"packageSizeInformation":"1350 gram ungefärlig vikt","packageSizeUnit":"gram ungefärlig vikt","pieceWeight":1.0,"salesPrice":29.95,"salesPriceData":{"b2cPrice":29.95,"b2bPrice":26.74},"piecePrice":29.95,"piecePriceData":{"b2cPrice":29.95,"b2bPrice":26.74},"salesUnit":"Vikt","comparativePriceText":"kr/kg","comparativePrice":29.95,"comparativePriceData":{"b2cPrice":29.95,"b2bPrice":26.74},"articleSold":false,"deposit":0.0,"depositData":{"b2cPrice":0.0,"b2bPrice":0.0},"vat":{"code":"vat-full-2","value":12.0,"type":"Percentage"},"animalFoodData":{},"fromSweden":false,"availableOnline":true,"isMagazine":false,"nutrientBasis":{},"originCountry":{"code":"SPAIN","value":"Spanien"},"replacementCountries":[],"variety":"Cantaloupe","class":"Klass 1","pharmaceuticalData":{"isPharmaceutical":false},"sustainabilityInfo":[{"productScore":[{"score":2.0,"param":"Biologisk mångfald","paramId":"biodiversity"},{"score":2.0,"param":"Klimat","paramId":"climate"},{"score":2.0,"param":"Bördighet","paramId":"soil_fertility"},{"score":2.0,"param":"Vatten","paramId":"water"},{"score":2.0,"param":"Bekämpningsmedel","paramId":"pesticides"},{"score":2.0,"param":"Övergödning","paramId":"eutrophication"},{"score":null,"param":"Djuromsorg och antibiotika","paramId":"animal_welfare_antibiotics"},{"score":3.0,"param":"Arbetsförhållanden","paramId":"working_conditions"},{"score":3.5,"param":"Lokalbefolkning","paramId":"local_population"},{"score":3.5,"param":"Lagefterlevnad och spårbarhet","paramId":"compliance_traceability"}]}],"sustainabilityInfoApplicable":true},{"id":"2317440400009","type":"Product","ean":"2317440400009","name":"Persika","description":"Produkten varierar något i storlek och vikt. När du handlar hos oss visar vi en uppskattad vikt för varan och ett pris baserat på kilopriset. Ni debiteras efter vi plockat ihop era varor den verkliga vikten.<br> Vi garanterar att du alltid betalar för varans verkliga vikt.","imageUrl":"http://res.cloudinary.com/coopsverige/image/upload/v1440062974/49661.tiff","navCategories":[{"code":"334451","name":"Nektariner & Persikor","superCategories":[{"code":"32484","name":"Frukt & bär","superCategories":[{"code":"16534","name":"Frukt & Grönsaker","superCategories":[]}]}]}],"packageSize":150.0,"packageSizeInformation":"150 gram ungefärlig vikt","packageSizeUnit":"gram ungefärlig vikt","pieceWeight":0.15,"salesPrice":49.95,"salesPriceData":{"b2cPrice":49.95,"b2bPrice":44.6},"piecePrice":7.49,"piecePriceData":{"b2cPrice":7.49,"b2bPrice":6.69},"salesUnit":"Vikt","comparativePriceText":"kr/kg","comparativePrice":49.95,"comparativePriceData":{"b2cPrice":49.95,"b2bPrice":44.6},"articleSold":false,"deposit":0.0,"depositData":{"b2cPrice":0.0,"b2bPrice":0.0},"vat":{"code":"vat-full-2","value":12.0,"type":"Percentage"},"animalFoodData":{},"fromSweden":false,"availableOnline":true,"isMagazine":false,"nutrientBasis":{},"originCountry":{"code":"SPAIN","value":"Spanien"},"replacementCountries":[{"code":"ITALY","value":"Italien"}],"class":"Klass 1","sustainabilityInfo":[{"productScore":[{"score":2.0,"param":"Biologisk mångfald","paramId":"biodiversity"},{"score":1.0,"param":"Klimat","paramId":"climate"},{"score":2.0,"param":"Bördighet","paramId":"soil_fertility"},{"score":2.0,"param":"Vatten","paramId":"water"},{"score":2.0,"param":"Bekämpningsmedel","paramId":"pesticides"},{"score":2.0,"param":"Övergödning","paramId":"eutrophication"},{"score":null,"param":"Djuromsorg och antibiotika","paramId":"animal_welfare_antibiotics"},{"score":3.0,"param":"Arbetsförhållanden","paramId":"working_conditions"},{"score":3.5,"param":"Lokalbefolkning","paramId":"local_population"},{"score":2.0,"param":"Lagefterlevnad och spårbarhet","paramId":"compliance_traceability"}]}],"sustainabilityInfoApplicable":true},{"id":"2097314400006","type":"Product","ean":"2097314400006","name":"Honungsmelon","imageUrl":"http://res.cloudinary.com/coopsverige/image/upload/v1620576802/428660.jpg","navCategories":[{"code":"32496","name":"Melon","superCategories":[{"code":"32484","name":"Frukt & bär","superCategories":[{"code":"16534","name":"Frukt & Grönsaker","superCategories":[]}]}]}],"packageSize":1000.0,"packageSizeInformation":"1000 gram ungefärlig vikt","packageSizeUnit":"gram ungefärlig vikt","pieceWeight":1.0,"salesPrice":36.95,"salesPriceData":{"b2cPrice":36.95,"b2bPrice":32.99},"piecePrice":36.95,"piecePriceData":{"b2cPrice":36.95,"b2bPrice":32.99},"salesUnit":"Vikt","comparativePriceText":"kr/kg","comparativePrice":36.95,"comparativePriceData":{"b2cPrice":36.95,"b2bPrice":32.99},"articleSold":false,"deposit":0.0,"depositData":{"b2cPrice":0.0,"b2bPrice":0.0},"vat":{"code":"vat-full-2","value":12.0,"type":"Percentage"},"animalFoodData":{},"fromSweden":false,"availableOnline":true,"isMagazine":false,"nutrientBasis":{},"originCountry":{"code":"COSTA RICA","value":"Costa Rica"},"replacementCountries":[{"code":"ITALY","value":"Italien"},{"code":"HONDURAS","value":"Honduras"},{"code":"BRAZIL","value":"Brasilien"},{"code":"SPAIN","value":"Spanien"}],"class":"Klass 1","sustainabilityInfoApplicable":true},{"id":"2317461200008","type":"Product","ean":"2317461200008","name":"Ingefära","description":"Produkten varierar något i storlek och vikt. När du handlar hos oss visar vi en uppskattad vikt för varan och ett pris baserat på kilopriset. Ni debiteras efter vi plockat ihop era varor den verkliga vikten.<br> Vi garanterar att du alltid betalar för varans verkliga vikt.","imageUrl":"http://res.cloudinary.com/coopsverige/image/upload/v1445541322/80968.tiff","navCategories":[{"code":"32426","name":"Övriga Grönsaker","superCategories":[{"code":"32361","name":"Grönsaker","superCategories":[{"code":"16534","name":"Frukt & Grönsaker","superCategories":[]}]}]}],"packageSizeInformation":"","pieceWeight":1.0,"salesPrice":69.95,"salesPriceData":{"b2cPrice":69.95,"b2bPrice":62.46},"piecePrice":69.95,"piecePriceData":{"b2cPrice":69.95,"b2bPrice":62.46},"salesUnit":"Vikt","comparativePriceText":"kr/kg","comparativePrice":69.95,"comparativePriceData":{"b2cPrice":69.95,"b2bPrice":62.46},"articleSold":false,"deposit":0.0,"depositData":{"b2cPrice":0.0,"b2bPrice":0.0},"vat":{"code":"vat-full-2","value":12.0,"type":"Percentage"},"animalFoodData":{},"variances":[{"code":"ca100g_2317461200008","name":"Ca 100 g","quantity":0.1,"unit":"kilogram","price":7.0,"priceData":{"b2cPrice":7.0,"b2bPrice":6.25}},{"code":"ca200g_2317461200008","name":"Ca 200 g","quantity":0.2,"unit":"kilogram","price":13.99,"priceData":{"b2cPrice":13.99,"b2bPrice":12.49}},{"code":"ca400g_2317461200008","name":"Ca 400 g","quantity":0.4,"unit":"kilogram","price":27.98,"priceData":{"b2cPrice":27.98,"b2bPrice":24.98}}],"fromSweden":false,"availableOnline":true,"isMagazine":false,"nutrientBasis":{},"originCountry":{"code":"CHINA","value":"Kina"},"replacementCountries":[],"class":"Klass 1","sustainabilityInfo":[{"productScore":[{"score":2.0,"param":"Biologisk mångfald","paramId":"biodiversity"},{"score":1.0,"param":"Klimat","paramId":"climate"},{"score":2.0,"param":"Bördighet","paramId":"soil_fertility"},{"score":2.0,"param":"Vatten","paramId":"water"},{"score":2.0,"param":"Bekämpningsmedel","paramId":"pesticides"},{"score":2.0,"param":"Övergödning","paramId":"eutrophication"},{"score":null,"param":"Djuromsorg och antibiotika","paramId":"animal_welfare_antibiotics"},{"score":5.0,"param":"Arbetsförhållanden","paramId":"working_conditions"},{"score":4.0,"param":"Lokalbefolkning","paramId":"local_population"},{"score":5.0,"param":"Lagefterlevnad och spårbarhet","paramId":"compliance_traceability"}]}],"sustainabilityInfoApplicable":true},{"id":"7300156593221","type":"Product","ean":"7300156593221","name":"Peppar Röd","imageUrl":"http://res.cloudinary.com/coopsverige/image/upload/v1679995839/cloud/278284.jpg","navCategories":[{"code":"334462","name":"Färska örter & Smaksättare","superCategories":[{"code":"32361","name":"Grönsaker","superCategories":[{"code":"16534","name":"Frukt & Grönsaker","superCategories":[]}]}]}],"packageSize":25.0,"packageSizeInformation":"25 gram ungefärlig vikt","packageSizeUnit":"gram ungefärlig vikt","pieceWeight":0.025,"salesPrice":4.95,"salesPriceData":{"b2cPrice":4.95,"b2bPrice":4.42},"piecePrice":4.95,"piecePriceData":{"b2cPrice":4.95,"b2bPrice":4.42},"salesUnit":"Styck","comparativePriceText":"kr/kg","comparativePrice":198.0,"comparativePriceData":{"b2cPrice":198.0,"b2bPrice":176.79},"articleSold":false,"deposit":0.0,"depositData":{"b2cPrice":0.0,"b2bPrice":0.0},"vat":{"code":"vat-full-2","value":12.0,"type":"Percentage"},"animalFoodData":{},"onlinePromotions":[{"id":"016001_35080","price":12.0,"priceData":{"b2cPrice":12.0,"b2bPrice":10.71},"startDate":"2025-07-06T22:00:00Z","endDate":"2025-07-13T22:00:00Z","message":"PEPPAR RÖD & GRÖN 3 FÖR-3 för 12:-","type":"MULTI_BUY_FIXED_PRICE","numberOfProductRequired":3,"medMeraRequired":false,"priority":910,"comparativePrice":{"b2cPrice":160.0,"b2bPrice":142.86},"higherThanHistoricalPrice":false}],"fromSweden":false,"availableOnline":true,"isMagazine":false,"nutrientBasis":{},"originCountry":{"code":"SPAIN","value":"Spanien"},"replacementCountries":[],"class":"Klass 1","pharmaceuticalData":{"isPharmaceutical":false},"sustainabilityInfoApplicable":true},{"id":"7300156589644","type":"Product","ean":"7300156589644","name":"Plommontomat","manufacturerName":"Coop","imageUrl":"http://res.cloudinary.com/coopsverige/image/upload/v1726576861/cloud/386378.jpg","navCategories":[{"code":"32408","name":"Tomat","superCategories":[{"code":"32361","name":"Grönsaker","superCategories":[{"code":"16534","name":"Frukt & Grönsaker","superCategories":[]}]}]}],"packageSizeInformation":"400 g","salesPrice":26.95,"salesPriceData":{"b2cPrice":26.95,"b2bPrice":24.06},"piecePrice":26.95,"piecePriceData":{"b2cPrice":26.95,"b2bPrice":24.06},"salesUnit":"Styck","comparativePriceText":"kr/kg","comparativePrice":67.38,"comparativePriceData":{"b2cPrice":67.38,"b2bPrice":60.16},"articleSold":false,"deposit":0.0,"depositData":{"b2cPrice":0.0,"b2bPrice":0.0},"vat":{"code":"vat-full-2","value":12.0,"type":"Percentage"},"animalFoodData":{},"fromSweden":false,"availableOnline":true,"isMagazine":false,"nutrientBasis":{},"originCountry":{"code":"SWEDEN","value":"Sverige"},"replacementCountries":[],"class":"Klass 1","pharmaceuticalData":{"isPharmaceutical":false},"sustainabilityInfo":[{"productScore":[{"score":4.0,"param":"Biologisk mångfald","paramId":"biodiversity"},{"score":1.0,"param":"Klimat","paramId":"climate"},{"score":3.0,"param":"Bördighet","paramId":"soil_fertility"},{"score":1.0,"param":"Vatten","paramId":"water"},{"score":2.0,"param":"Bekämpningsmedel","paramId":"pesticides"},{"score":3.0,"param":"Övergödning","paramId":"eutrophication"},{"score":null,"param":"Djuromsorg och antibiotika","paramId":"animal_welfare_antibiotics"},{"score":1.0,"param":"Arbetsförhållanden","paramId":"working_conditions"},{"score":1.0,"param":"Lokalbefolkning","paramId":"local_population"},{"score":1.0,"param":"Lagefterlevnad och spårbarhet","paramId":"compliance_traceability"}]}],"sustainabilityInfoApplicable":true}]}}
---
{"results":{"count":203,"facets":[{"name":"brand","items":[{"item":"COOP","count":43,"selected":false},{"item":"Änglamark","count":29,"selected":false},{"item":"Andreas Uppgård","count":2,"selected":false},{"item":"EAGLOBE","count":1,"selected":false},{"item":"Xtra","count":1,"selected":false}]},{"name":"environmentalLabels","items":[{"item":"Ekologiskt","count":33,"selected":false},{"item":"KRAV","count":30,"selected":false},{"item":"Nyckelhålet","count":13,"selected":false},{"item":"Svenskt ursprung","count":5,"selected":false},{"item":"Lokalt","count":2,"selected":false}]}],"items":[{"id":"2317305100006","type":"Product","ean":"2317305100006","name":"Vitkål Färsk","imageUrl":"http://res.cloudinary.com/coopsverige/image/upload/v1625748274/cloud/230686.jpg","navCategories":[{"code":"334458","name":"Kål","superCategories":[{"code":"32361","name":"Grönsaker","superCategories":[{"code":"16534","name":"Frukt & Grönsaker","superCategories":[]}]}]}],"packageSize":1500.0,"packageSizeInformation":"1500 gram ungefärlig vikt","packageSizeUnit":"gram ungefärlig vikt","pieceWeight":1.5,"salesPrice":21.95,"salesPriceData":{"b2cPrice":21.95,"b2bPrice":19.6},"piecePrice":32.93,"piecePriceData":{"b2cPrice":32.93,"b2bPrice":29.4},"salesUnit":"Vikt","comparativePriceText":"kr/kg","comparativePrice":21.95,"comparativePriceData":{"b2cPrice":21.95,"b2bPrice":19.6},"articleSold":false,"deposit":0.0,"depositData":{"b2cPrice":0.0,"b2bPrice":0.0},"vat":{"code":"vat-full-2","value":12.0,"type":"Percentage"},"animalFoodData":{},"fromSweden":false,"availableOnline":true,"isMagazine":false,"nutrientBasis":{},"originCountry":{"code":"SWEDEN","value":"Sverige"},"replacementCountries":[],"class":"Klass 1","pharmaceuticalData":{"isPharmaceutical":false},"sustainabilityInfo":[{"productScore":[{"score":2.5,"param":"Biologisk mångfald","paramId":"biodiversity"},{"score":1.0,"param":"Klimat","paramId":"climate"},{"score":2.0,"param":"Bördighet","paramId":"soil_fertility"},{"score":2.0,"param":"Vatten","paramId":"water"},{"score":2.0,"param":"Bekämpningsmedel","paramId":"pesticides"},{"score":2.0,"param":"Övergödning","paramId":"eutrophication"},{"score":null,"param":"Djuromsorg och antibiotika","paramId":"animal_welfare_antibiotics"},{"score":4.0,"param":"Arbetsförhållanden","paramId":"working_conditions"},{"score":3.5,"param":"Lokalbefolkning","paramId":"local_population"},{"score":2.5,"param":"Lagefterlevnad och spårbarhet","paramId":"compliance_traceability"}]}],"sustainabilityInfoApplicable":true},{"id":"7300156598813","type":"Product","ean":"7300156598813","name":"Mâche","manufacturerName":"Coop","description":"Mâche sallat. Sköljd och färdig att ätas.","imageUrl":"http://res.cloudinary.com/coopsverige/image/upload/v1730104851/cloud/397275.tiff","listOfIngredients":"Ingredienser: Mâche sallat 100%","navCategories":[{"code":"334460","name":"Färdigskuret","superCategories":[{"code":"32361","name":"Grönsaker","superCategories":[{"code":"16534","name":"Frukt & Grönsaker","superCategories":[]}]}]}],"accreditedTags":[{"code":"GLOBAL_GAP"},{"code":"GRASP"}],"maxStorageTemperature":"4","packageSize":65.0,"packageSizeInformation":"65 g","packageSizeUnit":"Gram","salesPrice":14.95,"salesPriceData":{"b2cPrice":14.95,"b2bPrice":13.35},"piecePrice":14.95,"piecePriceData":{"b2cPrice":14.95,"b2bPrice":13.35},"salesUnit":"Styck","comparativePriceText":"kr/kg","comparativePrice":230.0,"comparativePriceData":{"b2cPrice":230.0,"b2bPrice":205.36},"articleSold":false,"deposit":0.0,"depositData":{"b2cPrice":0.0,"b2bPrice":0.0},"vat":{"code":"vat-full-2","value":12.0,"type":"Percentage"},"nutrientLinks":[{"amount":["21"],"description":"Energi","unit":"Kilokalori"},{"amount":["88"],"description":"Energi","unit":"Kilojoule"},{"amount":["0.4"],"description":"Fett","unit":"Gram"},{"amount":["0"],"description":"Varav mättat fett","unit":"Gram"},{"amount":["3.6"],"description":"Kolhydrat","unit":"Gram"},{"amount":["0"],"description":"Varav sockerarter","unit":"Gram"},{"amount":["2"],"description":"Protein","unit":"Gram"},{"amount":["0.2"],"description":"Salt","unit":"Gram"}],"animalFoodData":{},"fromSweden":false,"availableOnline":true,"countryOfOriginCodes":[{"code":"752","value":"Sverige"}],"isMagazine":false,"nutrientBasis":{"quantity":100.0},"originCountry":{"code":"SWEDEN","value":"Sverige"},"replacementCountries":[],"pharmaceuticalData":{"isPharmaceutical":false},"nutrientInformation":[{"header":{"nutrientBasisQuantity":100.0,"nutrientBasisQuantityType":"BY_MEASURE","nutrientBasisQuantityUnit":{"code":"GRM","value":"Gram"}}}],"regulatedArticleDescription":"Mâche 65gr","sustainabilityInfoApplicable":true},{"id":"7340011309765","type":"Product","ean":"7340011309765","name":"Morötter Eko","manufacturerName":"Änglamark","imageUrl":"http://res.cloudinary.com/coopsverige/image/upload/v1537172233/350348.tiff","navCategories":[{"code":"32470","name":"Morötter","superCategories":[{"code":"32361","name":"Grönsaker","superCategories":[{"code":"16534","name":"Frukt & Grönsaker","superCategories":[]}]}]}],"accreditedTags":[{"code":"NYCKELHALET","description":"Nyckelhålet","imageUrl":"https://res.cloudinary.com/coopsverige/image/upload/v1618910221/cooponline/Labels%27/nyckelhal_RGB.png","priority":240},{"code":"EU_ORGANIC_FARMING","description":"EU Ekologiskt jordbruk","imageUrl":"https://res.cloudinary.com/coopsverige/image/upload/cooponline/produktmarkning/EUOrganicFarmingLogo.jpg","priority":210},{"code":"KRAV_MARK","description":"KRAV-märkt","imageUrl":"https://res.cloudinary.com/coopsverige/image/upload/cooponline/produktmarkning/KRAVLogo.svg","priority":330}],"packageSize":1000.0,"packageSizeInformation":"1 kg","packageSizeUnit":"Gram","salesPrice":24.95,"salesPriceData":{"b2cPrice":24.95,"b2bPrice":22.28},"piecePrice":24.95,"piecePriceData":{"b2cPrice":24.95,"b2bPrice":22.28},"salesUnit":"Styck","comparativePriceText":"kr/kg","comparativePrice":24.95,"comparativePriceData":{"b2cPrice":24.95,"b2bPrice":22.28},"articleSold":false,"deposit":0.0,"depositData":{"b2cPrice":0.0,"b2bPrice":0.0},"vat":{"code":"vat-full-2","value":12.0,"type":"Percentage"},"animalFoodData":{},"fromSweden":false,"availableOnline":true,"isMagazine":false,"nutrientBasis":{},"originCountry":{"code":"SWEDEN","value":"Sverige"},"replacementCountries":[],"class":"Klass 1","pharmaceuticalData":{"isPharmaceutical":false},"sustainabilityInfoApplicable":true},{"id":"7300156500557","type":"Product","ean":"7300156500557","name":"Snackmorötter Eko","manufacturerName":"Änglamark","imageUrl":"http://res.cloudinary.com/coopsverige/image/upload/v1651849834/cloud/251620.png","navCategories":[{"code":"32470","name":"Morötter","superCategories":[{"code":"32361","name":"Grönsaker","superCategories":[{"code":"16534","name":"Frukt & Grönsaker","superCategories":[]}]}]}],"accreditedTags":[{"code":"EU_ORGANIC_FARMING","description":"EU Ekologiskt jordbruk","imageUrl":"https://res.cloudinary.com/coopsverige/image/upload/cooponline/produktmarkning/EUOrganicFarmingLogo.jpg","priority":210},{"code":"KRAV_MARK","description":"KRAV-märkt","imageUrl":"https://res.cloudinary.com/coopsverige/image/upload/cooponline/produktmarkning/KRAVLogo.svg","priority":330}],"packageSize":150.0,"packageSizeInformation":"150 gram","packageSizeUnit":"Gram","salesPrice":16.95,"salesPriceData":{"b2cPrice":16.95,"b2bPrice":15.13},"piecePrice":16.95,"piecePriceData":{"b2cPrice":16.95,"b2bPrice":15.13},"salesUnit":"Styck","comparativePriceText":"kr/kg","comparativePrice":113.0,"comparativePriceData":{"b2cPrice":113.0,"b2bPrice":100.89},"articleSold":false,"deposit":0.0,"depositData":{"b2cPrice":0.0,"b2bPrice":0.0},"vat":{"code":"vat-full-2","value":12.0,"type":"Percentage"},"animalFoodData":{},"fromSweden":false,"availableOnline":true,"isMagazine":false,"nutrientBasis":{},"originCountry":{"code":"DENMARK","value":"Danmark"},"replacementCountries":[],"class":"Klass 1","pharmaceuticalData":{"isPharmaceutical":false},"sustainabilityInfo":[{"productScore":[{"score":1.0,"param":"Biologisk mångfald","paramId":"biodiversity"},{"score":1.0,"param":"Klimat","paramId":"climate"},{"score":1.0,"param":"Bördighet","paramId":"soil_fertility"},{"score":2.0,"param":"Vatten","paramId":"water"},{"score":1.0,"param":"Bekämpningsmedel","paramId":"pesticides"},{"score":1.0,"param":"Övergödning","paramId":"eutrophication"},{"score":null,"param":"Djuromsorg och antibiotika","paramId":"animal_welfare_antibiotics"},{"score":1.0,"param":"Arbetsförhållanden","paramId":"working_conditions"},{"score":1.0,"param":"Lokalbefolkning","paramId":"local_population"},{"score":1.0,"param":"Lagefterlevnad och spårbarhet","paramId":"compliance_traceability"}]}],"sustainabilityInfoApplicable":true},{"id":"7300156589637","type":"Product","ean":"7300156589637","name":"Tomatmix","manufacturerName":"Coop","imageUrl":"http://res.cloudinary.com/coopsverige/image/upload/v1725957725/cloud/384479.jpg","navCategories":[{"code":"32408","name":"Tomat","superCategories":[{"code":"32361","name":"Grönsaker","superCategories":[{"code":"16534","name":"Frukt & Grönsaker","superCategories":[]}]}]}],"packageSizeInformation":"250 g","salesPrice":34.95,"salesPriceData":{"b2cPrice":34.95,"b2bPrice":31.21},"piecePrice":34.95,"piecePriceData":{"b2cPrice":34.95,"b2bPrice":31.21},"salesUnit":"Styck","comparativePriceText":"kr/kg","comparativePrice":139.8,"comparativePriceData":{"b2cPrice":139.8,"b2bPrice":124.82},"articleSold":false,"deposit":0.0,"depositData":{"b2cPrice":0.0,"b2bPrice":0.0},"vat":{"code":"vat-full-2","value":12.0,"type":"Percentage"},"animalFoodData":{},"fromSweden":false,"availableOnline":true,"isMagazine":false,"nutrientBasis":{},"originCountry":{"code":"SWEDEN","value":"Sverige"},"replacementCountries":[],"class":"Klass 1","pharmaceuticalData":{"isPharmaceutical":false},"sustainabilityInfo":[{"productScore":[{"score":4.0,"param":"Biologisk mångfald","paramId":"biodiversity"},{"score":1.0,"param":"Klimat","paramId":"climate"},{"score":3.0,"param":"Bördighet","paramId":"soil_fertility"},{"score":1.0,"param":"Vatten","paramId":"water"},{"score":2.0,"param":"Bekämpningsmedel","paramId":"pesticides"},{"score":3.0,"param":"Övergödning","paramId":"eutrophication"},{"score":null,"param":"Djuromsorg och antibiotika","paramId":"animal_welfare_antibiotics"},{"score":1.0,"param":"Arbetsförhållanden","paramId":"working_conditions"},{"score":1.0,"param":"Lokalbefolkning","paramId":"local_population"},{"score":1.0,"param":"Lagefterlevnad och spårbarhet","paramId":"compliance_traceability"}]}],"sustainabilityInfoApplicable":true},{"id":"2317462000003","type":"Product","ean":"2317462000003","name":"Spetskål","description":"Produkten varierar något i storlek och vikt. När du handlar hos oss visar vi en uppskattad vikt för varan och ett pris baserat på kilopriset. Ni debiteras efter vi plockat ihop era varor den verkliga vikten.<br> Vi garanterar att du alltid betalar för varans verkliga vikt.kt.","imageUrl":"http://res.cloudinary.com/coopsverige/image/upload/v1426508336/21671.jpg","navCategories":[{"code":"334458","name":"Kål","superCategories":[{"code":"32361","name":"Grönsaker","superCategories":[{"code":"16534","name":"Frukt & Grönsaker","superCategories":[]}]}]}],"packageSize":900.0,"packageSizeInformation":"900 gram ungefärlig vikt","packageSizeUnit":"gram ungefärlig vikt","pieceWeight":0.9,"salesPrice":37.95,"salesPriceData":{"b2cPrice":37.95,"b2bPrice":33.88},"piecePrice":34.16,"piecePriceData":{"b2cPrice":34.16,"b2bPrice":30.5},"salesUnit":"Vikt","comparativePriceText":"kr/kg","comparativePrice":37.95,"comparativePriceData":{"b2cPrice":37.95,"b2bPrice":33.88},"articleSold":false,"deposit":0.0,"depositData":{"b2cPrice":0.0,"b2bPrice":0.0},"vat":{"code":"vat-full-2","value":12.0,"type":"Percentage"},"animalFoodData":{},"fromSweden":false,"availableOnline":true,"isMagazine":false,"nutrientBasis":{},"originCountry":{"code":"GERMANY","value":"Tyskland"},"replacementCountries":[],"class":"Klass 1","pharmaceuticalData":{"isPharmaceutical":false},"sustainabilityInfo":[{"productScore":[{"score":2.0,"param":"Biologisk mångfald","paramId":"biodiversity"},{"score":1.0,"param":"Klimat","paramId":"climate"},{"score":2.5,"param":"Bördighet","paramId":"soil_fertility"},{"score":1.5,"param":"Vatten","paramId":"water"},{"score":2.0,"param":"Bekämpningsmedel","paramId":"pesticides"},{"score":2.0,"param":"Övergödning","paramId":"eutrophication"},{"score":null,"param":"Djuromsorg och antibiotika","paramId":"animal_welfare_antibiotics"},{"score":1.0,"param":"Arbetsförhållanden","paramId":"working_conditions"},{"score":1.5,"param":"Lokalbefolkning","paramId":"local_population"},{"score":1.0,"param":"Lagefterlevnad och spårbarhet","paramId":"compliance_traceability"}]}],"sustainabilityInfoApplicable":true},{"id":"7300156583802","type":"Product","ean":"7300156583802","name":"Sallad Underbar Mix","manufacturerName":"Coop","description":"Salladsblandning innehållande Rucola, Babyspenat, Rödbeta, röda blad, röd Mangold. Sköljd och klar att äta.","imageUrl":"http://res.cloudinary.com/coopsverige/image/upload/v1730104775/cloud/397270.tiff","listOfIngredients":"Ingredienser: Rucola 25%, Spenat 25%, Rödbeta 30%, Mangold 10%, Röda Blad 10%.","navCategories":[{"code":"334460","name":"Färdigskuret","superCategories":[{"code":"32361","name":"Grönsaker","superCategories":[{"code":"16534","name":"Frukt & Grönsaker","superCategories":[]}]}]}],"accreditedTags":[{"code":"GLOBAL_GAP"},{"code":"GRASP"}],"maxStorageTemperature":"4","packageSize":125.0,"packageSizeInformation":"125 g","packageSizeUnit":"Gram","salesPrice":24.95,"salesPriceData":{"b2cPrice":24.95,"b2bPrice":22.28},"piecePrice":24.95,"piecePriceData":{"b2cPrice":24.95,"b2bPrice":22.28},"salesUnit":"Styck","comparativePriceText":"kr/st","comparativePrice":199.6,"comparativePriceData":{"b2cPrice":199.6,"b2bPrice":178.21},"articleSold":false,"deposit":0.0,"depositData":{"b2cPrice":0.0,"b2bPrice":0.0},"vat":{"code":"vat-full-2","value":12.0,"type":"Percentage"},"animalFoodData":{},"fromSweden":false,"availableOnline":true,"countryOfOriginCodes":[{"code":"752","value":"Sverige"}],"isMagazine":false,"nutrientBasis":{},"originCountry":{"code":"SWEDEN","value":"Sverige"},"replacementCountries":[],"pharmaceuticalData":{"isPharmaceutical":false},"sustainabilityInfo":[{"productScore":[{"score":2.0,"param":"Biologisk mångfald","paramId":"biodiversity"},{"score":2.0,"param":"Klimat","paramId":"climate"},{"score":2.0,"param":"Bördighet","paramId":"soil_fertility"},{"score":2.0,"param":"Vatten","paramId":"water"},{"score":2.0,"param":"Bekämpningsmedel","paramId":"pesticides"},{"score":2.0,"param":"Övergödning","paramId":"eutrophication"},{"score":null,"param":"Djuromsorg och antibiotika","paramId":"animal_welfare_antibiotics"},{"score":1.5,"param":"Arbetsförhållanden","paramId":"working_conditions"},{"score":2.0,"param":"Lokalbefolkning","paramId":"local_population"},{"score":1.5,"param":"Lagefterlevnad och spårbarhet","paramId":"compliance_traceability"}]}],"regulatedArticleDescription":"Underbar mix 125gr","sustainabilityInfoApplicable":true},{"id":"7300156496119","type":"Product","ean":"7300156496119","name":"Tomat Cocktail Eko","manufacturerName":"Änglamark","imageUrl":"http://res.cloudinary.com/coopsverige/image/upload/v1652780450/cloud/163187.tiff","navCategories":[{"code":"32408","name":"Tomat","superCategories":[{"code":"32361","name":"Grönsaker","superCategories":[{"code":"16534","name":"Frukt & Grönsaker","superCategories":[]}]}]}],"accreditedTags":[{"code":"EU_ORGANIC_FARMING","description":"EU Ekologiskt jordbruk","imageUrl":"https://res.cloudinary.com/coopsverige/image/upload/cooponline/produktmarkning/EUOrganicFarmingLogo.jpg","priority":210},{"code":"KRAV_MARK","description":"KRAV-märkt","imageUrl":"https://res.cloudinary.com/coopsverige/image/upload/cooponline/produktmarkning/KRAVLogo.svg","priority":330}],"packageSize":250.0,"packageSizeInformation":"250 gram","packageSizeUnit":"Gram","salesPrice":24.95,"salesPriceData":{"b2cPrice":24.95,"b2bPrice":22.28},"piecePrice":24.95,"piecePriceData":{"b2cPrice":24.95,"b2bPrice":22.28},"salesUnit":"Styck","comparativePriceText":"kr/kg","comparativePrice":99.8,"comparativePriceData":{"b2cPrice":99.8,"b2bPrice":89.11},"articleSold":false,"deposit":0.0,"depositData":{"b2cPrice":0.0,"b2bPrice":0.0},"vat":{"code":"vat-full-2","value":12.0,"type":"Percentage"},"animalFoodData":{},"fromSweden":false,"availableOnline":true,"countryOfOriginCodes":[{"code":"380","value":"Italien"}],"isMagazine":false,"nutrientBasis":{},"originCountry":{"code":"ITALY","value":"Italien"},"replacementCountries":[{"code":"SPAIN","value":"Spanien"}],"class":"Klass 1","pharmaceuticalData":{"isPharmaceutical":false},"sustainabilityInfo":[{"productScore":[{"score":1.0,"param":"Biologisk mångfald","paramId":"biodiversity"},{"score":2.0,"param":"Klimat","paramId":"climate"},{"score":1.0,"param":"Bördighet","paramId":"soil_fertility"},{"score":2.0,"param":"Vatten","paramId":"water"},{"score":1.0,"param":"Bekämpningsmedel","paramId":"pesticides"},{"score":1.0,"param":"Övergödning","paramId":"eutrophication"},{"score":null,"param":"Djuromsorg och antibiotika","paramId":"animal_welfare_antibiotics"},{"score":2.0,"param":"Arbetsförhållanden","paramId":"working_conditions"},{"score":2.5,"param":"Lokalbefolkning","paramId":"local_population"},{"score":1.0,"param":"Lagefterlevnad och spårbarhet","paramId":"compliance_traceability"}]}],"sustainabilityInfoApplicable":true},{"id":"7340011309833","type":"Product","ean":"7340011309833","name":"Kvisttomat Eko","manufacturerName":"Änglamark","imageUrl":"http://res.cloudinary.com/coopsverige/image/upload/v1439902856/48475.tiff","navCategories":[{"code":"32408","name":"Tomat","superCategories":[{"code":"32361","name":"Grönsaker","superCategories":[{"code":"16534","name":"Frukt & Grönsaker","superCategories":[]}]}]}],"accreditedTags":[{"code":"EU_ORGANIC_FARMING","description":"EU Ekologiskt jordbruk","imageUrl":"https://res.cloudinary.com/coopsverige/image/upload/cooponline/produktmarkning/EUOrganicFarmingLogo.jpg","priority":210},{"code":"KRAV_MARK","description":"KRAV-märkt","imageUrl":"https://res.cloudinary.com/coopsverige/image/upload/cooponline/produktmarkning/KRAVLogo.svg","priority":330}],"packageSizeInformation":"500 g","salesPrice":39.95,"salesPriceData":{"b2cPrice":39.95,"b2bPrice":35.67},"piecePrice":39.95,"piecePriceData":{"b2cPrice":39.95,"b2bPrice":35.67},"salesUnit":"Styck","comparativePriceText":"kr/kg","comparativePrice":79.9,"comparativePriceData":{"b2cPrice":79.9,"b2bPrice":71.34},"articleSold":false,"deposit":0.0,"depositData":{"b2cPrice":0.0,"b2bPrice":0.0},"vat":{"code":"vat-full-2","value":12.0,"type":"Percentage"},"animalFoodData":{},"fromSweden":false,"availableOnline":true,"isMagazine":false,"nutrientBasis":{},"originCountry":{"code":"SPAIN","value":"Spanien"},"replacementCountries":[],"class":"Klass 1","pharmaceuticalData":{"isPharmaceutical":false},"sustainabilityInfoApplicable":true},{"id":"7300156503619","type":"Product","ean":"7300156503619","name":"Vitkål Strimlad","manufacturerName":"Coop","description":"Strimlad vitkål, snitt 3mm Kan innehålla spår av andra grönsaker","imageUrl":"http://res.cloudinary.com/coopsverige/image/upload/v1730104898/cloud/397278.tiff","listOfIngredients":"Ingredienser: Vitkål 100 %","navCategories":[{"code":"334460","name":"Färdigskuret","superCategories":[{"code":"32361","name":"Grönsaker","superCategories":[{"code":"16534","name":"Frukt & Grönsaker","superCategories":[]}]}]}],"maxStorageTemperature":"4.00","packageSize":400.0,"packageSizeInformation":"400 g","packageSizeUnit":"Gram","salesPrice":14.95,"salesPriceData":{"b2cPrice":14.95,"b2bPrice":13.35},"piecePrice":14.95,"piecePriceData":{"b2cPrice":14.95,"b2bPrice":13.35},"salesUnit":"Styck","comparativePriceText":"kr/kg","comparativePrice":37.38,"comparativePriceData":{"b2cPrice":37.38,"b2bPrice":33.38},"articleSold":false,"deposit":0.0,"depositData":{"b2cPrice":0.0,"b2bPrice":0.0},"vat":{"code":"vat-full-2","value":12.0,"type":"Percentage"},"nutrientLinks":[{"amount":["123.0000"],"description":"Energi","unit":"Kilojoule"},{"amount":["30.0000"],"description":"Energi","unit":"Kilokalori"},{"amount":["0.1000"],"description":"Fett","unit":"Gram"},{"amount":["0"],"description":"Varav mättat fett","unit":"Gram"},{"amount":["5.7000"],"description":"Kolhydrat","unit":"Gram"},{"amount":["5.7000"],"description":"Varav sockerarter","unit":"Gram"},{"amount":["1.1000"],"description":"Protein","unit":"Gram"},{"amount":["0"],"description":"Salt","unit":"Gram"}],"animalFoodData":{},"fromSweden":false,"availableOnline":true,"countryOfOriginCodes":[{"code":"752","value":"Sverige"}],"isMagazine":false,"nutrientBasis":{"quantity":100.0},"originCountry":{"code":"GERMANY","value":"Tyskland"},"replacementCountries":[{"code":"SWEDEN","value":"Sverige"}],"class":"Klass 1","pharmaceuticalData":{"isPharmaceutical":false},"nutrientInformation":[{"header":{"nutrientBasisQuantity":100.0,"nutrientBasisQuantityUnit":{"code":"GRM","value":"Gram"}}}],"sustainabilityInfo":[{"productScore":[{"score":2.0,"param":"Biologisk mångfald","paramId":"biodiversity"},{"score":1.0,"param":"Klimat","paramId":"climate"},{"score":2.0,"param":"Bördighet","paramId":"soil_fertility"},{"score":2.0,"param":"Vatten","paramId":"water"},{"score":2.0,"param":"Bekämpningsmedel","paramId":"pesticides"},{"score":2.0,"param":"Övergödning","paramId":"eutrophication"},{"score":null,"param":"Djuromsorg och antibiotika","paramId":"animal_welfare_antibiotics"},{"score":1.5,"param":"Arbetsförhållanden","paramId":"working_conditions"},{"score":1.0,"param":"Lokalbefolkning","paramId":"local_population"},{"score":1.0,"param":"Lagefterlevnad och spårbarhet","paramId":"compliance_traceability"}]}],"sustainabilityInfoApplicable":true},{"id":"7300156598837","type":"Product","ean":"7300156598837","name":"Småbladsmix","manufacturerName":"Coop","description":"Salladsblandning Rucola, Babyspenat, röda blad, röd mangold. Sköljd och färdig att äta.","imageUrl":"http://res.cloudinary.com/coopsverige/image/upload/v1730104867/cloud/397276.tiff","listOfIngredients":"Ingredienser: Rucola 30%, Babyspenat 30%, röda blad 20%, röd Mangold 20%.","navCategories":[{"code":"334460","name":"Färdigskuret","superCategories":[{"code":"32361","name":"Grönsaker","superCategories":[{"code":"16534","name":"Frukt & Grönsaker","superCategories":[]}]}]}],"accreditedTags":[{"code":"GLOBAL_GAP"},{"code":"GRASP"}],"maxStorageTemperature":"4","packageSize":65.0,"packageSizeInformation":"65 g","packageSizeUnit":"Gram","salesPrice":14.95,"salesPriceData":{"b2cPrice":14.95,"b2bPrice":13.35},"piecePrice":14.95,"piecePriceData":{"b2cPrice":14.95,"b2bPrice":13.35},"salesUnit":"Styck","comparativePriceText":"kr/kg","comparativePrice":230.0,"comparativePriceData":{"b2cPrice":230.0,"b2bPrice":205.36},"articleSold":false,"deposit":0.0,"depositData":{"b2cPrice":0.0,"b2bPrice":0.0},"vat":{"code":"vat-full-2","value":12.0,"type":"Percentage"},"nutrientLinks":[{"amount":["22"],"description":"Energi","unit":"Kilokalori"},{"amount":["92"],"description":"Energi","unit":"Kilojoule"},{"amount":["0.5"],"description":"Fett","unit":"Gram"},{"amount":["0.1"],"description":"Varav mättat fett","unit":"Gram"},{"amount":["1.3"],"description":"Kolhydrat","unit":"Gram"},{"amount":["0.5"],"description":"Varav sockerarter","unit":"Gram"},{"amount":["2.5"],"description":"Protein","unit":"Gram"},{"amount":["0.3"],"description":"Salt","unit":"Gram"}],"animalFoodData":{},"fromSweden":false,"availableOnline":true,"countryOfOriginCodes":[{"code":"752","value":"Sverige"}],"isMagazine":false,"nutrientBasis":{"quantity":100.0},"originCountry":{"code":"SWEDEN","value":"Sverige"},"replacementCountries":[],"pharmaceuticalData":{"isPharmaceutical":false},"nutrientInformation":[{"header":{"nutrientBasisQuantity":100.0,"nutrientBasisQuantityType":"BY_MEASURE","nutrientBasisQuantityUnit":{"code":"GRM","value":"Gram"}}}],"regulatedArticleDescription":"Småbladsmix 65gr","sustainabilityInfoApplicable":true},{"id":"2317317100001","type":"Product","ean":"2317317100001","name":"Fänkål","description":"Produkten varierar något i storlek och vikt. När du handlar hos oss visar vi en uppskattad vikt för varan och ett pris baserat på kilopriset. Ni debiteras efter vi plockat ihop era varor den verkliga vikten.<br> Vi garanterar att du alltid betalar för varans verkliga vikt.","imageUrl":"http://res.cloudinary.com/coopsverige/image/upload/v1648120663/cloud/24628.tiff","navCategories":[{"code":"334458","name":"Kål","superCategories":[{"code":"32361","name":"Grönsaker","superCategories":[{"code":"16534","name":"Frukt & Grönsaker","superCategories":[]}]}]}],"packageSize":275.0,"packageSizeInformation":"275 gram ungefärlig vikt","packageSizeUnit":"gram ungefärlig vikt","pieceWeight":0.275,"salesPrice":39.95,"salesPriceData":{"b2cPrice":39.95,"b2bPrice":35.67},"piecePrice":10.99,"piecePriceData":{"b2cPrice":10.99,"b2bPrice":9.81},"salesUnit":"Vikt","comparativePriceText":"kr/kg","comparativePrice":39.95,"comparativePriceData":{"b2cPrice":39.95,"b2bPrice":35.67},"articleSold":false,"deposit":0.0,"depositData":{"b2cPrice":0.0,"b2bPrice":0.0},"vat":{"code":"vat-full-2","value":12.0,"type":"Percentage"},"animalFoodData":{},"fromSweden":false,"availableOnline":true,"countryOfOriginCodes":[{"code":"752","value":"Sverige"}],"isMagazine":false,"nutrientBasis":{},"originCountry":{"code":"ITALY","value":"Italien"},"replacementCountries":[],"class":"Klass 1","pharmaceuticalData":{"isPharmaceutical":false},"sustainabilityInfo":[{"productScore":[{"score":2.0,"param":"Biologisk mångfald","paramId":"biodiversity"},{"score":1.0,"param":"Klimat","paramId":"climate"},{"score":2.0,"param":"Bördighet","paramId":"soil_fertility"},{"score":2.0,"param":"Vatten","paramId":"water"},{"score":2.0,"param":"Bekämpningsmedel","paramId":"pesticides"},{"score":2.0,"param":"Övergödning","paramId":"eutrophication"},{"score":null,"param":"Djuromsorg och antibiotika","paramId":"animal_welfare_antibiotics"},{"score":2.5,"param":"Arbetsförhållanden","paramId":"working_conditions"},{"score":3.0,"param":"Lokalbefolkning","paramId":"local_population"},{"score":1.0,"param":"Lagefterlevnad och spårbarhet","paramId":"compliance_traceability"}]}],"sustainabilityInfoApplicable":true},{"id":"7300156598783","type":"Product","ean":"7300156598783","name":"Krispig Kålmix","manufacturerName":"Coop","description":"Krispig Kålmix, skuren, tvättad mix av vitkål, rödkål, morötter och grönkål. Kan innehålla spår av andra grönsaker","imageUrl":"http://res.cloudinary.com/coopsverige/image/upload/v1730104716/cloud/397266.tiff","listOfIngredients":"Vitkål 30%, rödkål 30%, morötter 27%, grönkål 13 %","navCategories":[{"code":"334460","name":"Färdigskuret","superCategories":[{"code":"32361","name":"Grönsaker","superCategories":[{"code":"16534","name":"Frukt & Grönsaker","superCategories":[]}]}]}],"maxStorageTemperature":"4","packageSize":300.0,"packageSizeInformation":"300 g","packageSizeUnit":"Gram","salesPrice":22.95,"salesPriceData":{"b2cPrice":22.95,"b2bPrice":20.49},"piecePrice":22.95,"piecePriceData":{"b2cPrice":22.95,"b2bPrice":20.49},"salesUnit":"Styck","comparativePriceText":"kr/kg","comparativePrice":76.5,"comparativePriceData":{"b2cPrice":76.5,"b2bPrice":68.3},"articleSold":false,"deposit":0.0,"depositData":{"b2cPrice":0.0,"b2bPrice":0.0},"vat":{"code":"vat-full-2","value":12.0,"type":"Percentage"},"nutrientLinks":[{"amount":["31"],"description":"Energi","unit":"Kilokalori"},{"amount":["129"],"description":"Energi","unit":"Kilojoule"},{"amount":["0"],"description":"Fett","unit":"Gram"},{"amount":["0"],"description":"Varav mättat fett","unit":"Gram"},{"amount":["0"],"description":"Varav enkelomättat fett","unit":"Gram"},{"amount":["0"],"description":"Varav fleromättat fett","unit":"Gram"},{"amount":["5"],"description":"Kolhydrat","unit":"Gram"},{"amount":["1.3"],"description":"Varav sockerarter","unit":"Gram"},{"amount":["2.7"],"description":"Fiber","unit":"Gram"},{"amount":["1.3"],"description":"Protein","unit":"Gram"},{"amount":["0.04"],"description":"Salt","unit":"Gram"}],"animalFoodData":{},"fromSweden":false,"availableOnline":true,"countryOfOriginCodes":[{"code":"752","value":"Sverige"}],"isMagazine":false,"nutrientBasis":{"quantity":100.0},"originCountry":{"code":"SWEDEN","value":"Sverige"},"replacementCountries":[{"code":"THE NETHERLANDS","value":"Nederländerna"},{"code":"GERMANY","value":"Tyskland"},{"code":"SPAIN","value":"Spanien"}],"pharmaceuticalData":{"isPharmaceutical":false},"nutrientInformation":[{"header":{"nutrientBasisQuantity":100.0,"nutrientBasisQuantityType":"BY_MEASURE","nutrientBasisQuantityUnit":{"code":"GRM","value":"Gram"}}}],"sustainabilityInfoApplicable":true},{"id":"7300170040671","type":"Product","ean":"7300170040671","name":"Zucchini Grön","imageUrl":"http://res.cloudinary.com/coopsverige/image/upload/v1440064127/49852.tiff","navCategories":[{"code":"334461","name":"Zucchini & Aubergine","superCategories":[{"code":"32361","name":"Grönsaker","superCategories":[{"code":"16534","name":"Frukt & Grönsaker","superCategories":[]}]}]}],"packageSize":400.0,"packageSizeInformation":"400 gram ungefärlig vikt","packageSizeUnit":"gram ungefärlig vikt","pieceWeight":0.4,"salesPrice":13.95,"salesPriceData":{"b2cPrice":13.95,"b2bPrice":12.46},"piecePrice":13.95,"piecePriceData":{"b2cPrice":13.95,"b2bPrice":12.46},"salesUnit":"Styck","comparativePriceText":"kr/kg","comparativePrice":39.3,"comparativePriceData":{"b2cPrice":39.3,"b2bPrice":35.09},"articleSold":false,"deposit":0.0,"depositData":{"b2cPrice":0.0,"b2bPrice":0.0},"vat":{"code":"vat-full-2","value":12.0,"type":"Percentage"},"animalFoodData":{},"fromSweden":false,"availableOnline":true,"isMagazine":false,"nutrientBasis":{},"originCountry":{"code":"SPAIN","value":"Spanien"},"replacementCountries":[],"class":"Klass 1","pharmaceuticalData":{"isPharmaceutical":false},"sustainabilityInfoApplicable":true},{"id":"7300156588487","type":"Product","ean":"7300156588487","name":"Majskolvar Förkokta 2-pack","manufacturerName":"Coop","imageUrl":"http://res.cloudinary.com/coopsverige/image/upload/v1725957478/cloud/384453.jpg","navCategories":[{"code":"32426","name":"Övriga Grönsaker","superCategories":[{"code":"32361","name":"Grönsaker","superCategories":[{"code":"16534","name":"Frukt & Grönsaker","superCategories":[]}]}]}],"packageSize":400.0,"packageSizeInformation":"400 g","packageSizeUnit":"Gram","salesPrice":29.95,"salesPriceData":{"b2cPrice":29.95,"b2bPrice":26.74},"piecePrice":29.95,"piecePriceData":{"b2cPrice":29.95,"b2bPrice":26.74},"salesUnit":"Styck","comparativePriceText":"kr/st","comparativePrice":74.88,"comparativePriceData":{"b2cPrice":74.88,"b2bPrice":66.86},"articleSold":false,"deposit":0.0,"depositData":{"b2cPrice":0.0,"b2bPrice":0.0},"vat":{"code":"vat-full-2","value":12.0,"type":"Percentage"},"animalFoodData":{},"onlinePromotions":[{"id":"016001_34682","price":55.0,"priceData":{"b2cPrice":55.0,"b2bPrice":49.11},"startDate":"2025-06-29T22:00:00Z","endDate":"2025-08-03T22:00:00Z","message":"FÖRKOKT MAJS 2 FÖR 55 KR-2 för 55:-","type":"MULTI_BUY_FIXED_PRICE","numberOfProductRequired":2,"medMeraRequired":false,"priority":910,"comparativePrice":{"b2cPrice":68.75,"b2bPrice":61.38},"higherThanHistoricalPrice":false}],"fromSweden":false,"availableOnline":true,"isMagazine":false,"nutrientBasis":{},"originCountry":{"code":"SPAIN","value":"Spanien"},"replacementCountries":[],"class":"Klass 1","pharmaceuticalData":{"isPharmaceutical":false},"sustainabilityInfo":[{"productScore":[{"score":2.0,"param":"Biologisk mångfald","paramId":"biodiversity"},{"score":1.0,"param":"Klimat","paramId":"climate"},{"score":2.0,"param":"Bördighet","paramId":"soil_fertility"},{"score":2.0,"param":"Vatten","paramId":"water"},{"score":2.0,"param":"Bekämpningsmedel","paramId":"pesticides"},{"score":2.0,"param":"Övergödning","paramId":"eutrophication"},{"score":null,"param":"Djuromsorg och antibiotika","paramId":"animal_welfare_antibiotics"},{"score":2.0,"param":"Arbetsförhållanden","paramId":"working_conditions"},{"score":3.0,"param":"Lokalbefolkning","paramId":"local_population"},{"score":2.5,"param":"Lagefterlevnad och spårbarhet","paramId":"compliance_traceability"}]}],"sustainabilityInfoApplicable":true},{"id":"7300156462954","type":"Product","ean":"7300156462954","name":"Spenat","manufacturerName":"Coop","description":"Hela blad av teen-spenatSköljd och färdig att ätas.","imageUrl":"http://res.cloudinary.com/coopsverige/image/upload/v1730807154/cloud/399832.tiff","listOfIngredients":"Ingredienser: Spenat 100 %","navCategories":[{"code":"334460","name":"Färdigskuret","superCategories":[{"code":"32361","name":"Grönsaker","superCategories":[{"code":"16534","name":"Frukt & Grönsaker","superCategories":[]}]}]}],"maxStorageTemperature":"8","packageSize":200.0,"packageSizeInformation":"200 g ","packageSizeUnit":"Gram","salesPrice":17.95,"salesPriceData":{"b2cPrice":17.95,"b2bPrice":16.03},"piecePrice":17.95,"piecePriceData":{"b2cPrice":17.95,"b2bPrice":16.03},"salesUnit":"Styck","comparativePriceText":"kr/kg","comparativePrice":89.75,"comparativePriceData":{"b2cPrice":89.75,"b2bPrice":80.13},"articleSold":false,"deposit":0.0,"depositData":{"b2cPrice":0.0,"b2bPrice":0.0},"vat":{"code":"vat-full-2","value":12.0,"type":"Percentage"},"nutrientLinks":[{"amount":["24"],"description":"Energi","unit":"Kilokalori"},{"amount":["101"],"description":"Energi","unit":"Kilojoule"},{"amount":["0.4"],"description":"Fett","unit":"Gram"},{"amount":["0.1"],"description":"Varav mättat fett","unit":"Gram"},{"amount":["0.8"],"description":"Kolhydrat","unit":"Gram"},{"amount":["0.3"],"description":"Varav sockerarter","unit":"Gram"},{"amount":["3.3"],"description":"Protein","unit":"Gram"},{"amount":["0.3"],"description":"Salt","unit":"Gram"}],"animalFoodData":{},"fromSweden":false,"availableOnline":true,"countryOfOriginCodes":[{"code":"752","value":"Sverige"}],"isMagazine":false,"nutrientBasis":{"quantity":100.0},"originCountry":{"code":"SPAIN","value":"Spanien"},"replacementCountries":[{"code":"ITALY","value":"Italien"}],"pharmaceuticalData":{"isPharmaceutical":false},"nutrientInformation":[{"header":{"nutrientBasisQuantity":100.0,"nutrientBasisQuantityUnit":{"code":"GRM","value":"Gram"}}}],"sustainabilityInfo":[{"productScore":[{"score":4.0,"param":"Biologisk mångfald","paramId":"biodiversity"},{"score":2.0,"param":"Klimat","paramId":"climate"},{"score":3.0,"param":"Bördighet","paramId":"soil_fertility"},{"score":1.0,"param":"Vatten","paramId":"water"},{"score":2.0,"param":"Bekämpningsmedel","paramId":"pesticides"},{"score":3.0,"param":"Övergödning","paramId":"eutrophication"},{"score":null,"param":"Djuromsorg och antibiotika","paramId":"animal_welfare_antibiotics"},{"score":1.0,"param":"Arbetsförhållanden","paramId":"working_conditions"},{"score":1.0,"param":"Lokalbefolkning","paramId":"local_population"},{"score":1.0,"param":"Lagefterlevnad och spårbarhet","paramId":"compliance_traceability"}]}],"regulatedArticleDescription":"Spenat 200g","sustainabilityInfoApplicable":true},{"id":"7300170029973","type":"Product","ean":"7300170029973","name":"Passionsfrukt","imageUrl":"http://res.cloudinary.com/coopsverige/image/upload/v1445542961/81227.tiff","navCategories":[{"code":"334466","name":"Övrig exotisk frukt","superCategories":[{"code":"32484","name":"Frukt & bär","superCategories":[{"code":"16534","name":"Frukt & Grönsaker","superCategories":[]}]}]}],"packageSize":50.0,"packageSizeInformation":"50 gram ungefärlig vikt","packageSizeUnit":"gram ungefärlig vikt","pieceWeight":0.05,"salesPrice":9.95,"salesPriceData":{"b2cPrice":9.95,"b2bPrice":8.88},"piecePrice":9.95,"piecePriceData":{"b2cPrice":9.95,"b2bPrice":8.88},"salesUnit":"Styck","comparativePriceText":"kr/kg","comparativePrice":199.0,"comparativePriceData":{"b2cPrice":199.0,"b2bPrice":177.68},"articleSold":false,"deposit":0.0,"depositData":{"b2cPrice":0.0,"b2bPrice":0.0},"vat":{"code":"vat-full-2","value":12.0,"type":"Percentage"},"animalFoodData":{},"fromSweden":false,"availableOnline":true,"isMagazine":false,"nutrientBasis":{},"originCountry":{"code":"COLOMBIA","value":"Colombia"},"replacementCountries":[],"class":"Klass 1","pharmaceuticalData":{"isPharmaceutical":false},"sustainabilityInfoApplicable":true},{"id":"7340011406976","type":"Product","ean":"7340011406976","name":"Basilika Eko","manufacturerName":"Änglamark","imageUrl":"http://res.cloudinary.com/coopsverige/image/upload/v1634124308/cloud/236492.tiff","navCategories":[{"code":"334462","name":"Färska örter & Smaksättare","superCategories":[{"code":"32361","name":"Grönsaker","superCategories":[{"code":"16534","name":"Frukt & Grönsaker","superCategories":[]}]}]}],"accreditedTags":[{"code":"NYCKELHALET","description":"Nyckelhålet","imageUrl":"https://res.cloudinary.com/coopsverige/image/upload/v1618910221/cooponline/Labels%27/nyckelhal_RGB.png","priority":240},{"code":"EU_ORGANIC_FARMING","description":"EU Ekologiskt jordbruk","imageUrl":"https://res.cloudinary.com/coopsverige/image/upload/cooponline/produktmarkning/EUOrganicFarmingLogo.jpg","priority":210},{"code":"KRAV_MARK","description":"KRAV-märkt","imageUrl":"https://res.cloudinary.com/coopsverige/image/upload/cooponline/produktmarkning/KRAVLogo.svg","priority":330}],"packageSize":35.0,"packageSizeInformation":"35 gram","packageSizeUnit":"Gram","salesPrice":21.95,"salesPriceData":{"b2cPrice":21.95,"b2bPrice":19.6},"piecePrice":21.95,"piecePriceData":{"b2cPrice":21.95,"b2bPrice":19.6},"salesUnit":"Styck","comparativePriceText":"kr/kg","comparativePrice":627.14,"comparativePriceData":{"b2cPrice":627.14,"b2bPrice":559.95},"articleSold":false,"deposit":0.0,"depositData":{"b2cPrice":0.0,"b2bPrice":0.0},"vat":{"code":"vat-full-2","value":12.0,"type":"Percentage"},"animalFoodData":{},"onlinePromotions":[{"id":"016001_34498","price":40.0,"priceData":{"b2cPrice":40.0,"b2bPrice":35.71},"startDate":"2025-06-15T22:00:00Z","endDate":"2025-08-03T22:00:00Z","message":"KRYDDOR 2 FÖR 40 KR-2 för 40:-","type":"MULTI_BUY_FIXED_PRICE","numberOfProductRequired":2,"medMeraRequired":false,"priority":910,"comparativePrice":{"b2cPrice":571.43,"b2bPrice":510.21},"higherThanHistoricalPrice":false}],"fromSweden":false,"availableOnline":true,"isMagazine":false,"nutrientBasis":{},"originCountry":{"code":"SWEDEN","value":"Sverige"},"replacementCountries":[],"pharmaceuticalData":{"isPharmaceutical":false},"sustainabilityInfoApplicable":true},{"id":"2317408500000","type":"Product","ean":"2317408500000","name":"Champinjoner","imageUrl":"http://res.cloudinary.com/coopsverige/image/upload/v1649424363/cloud/24713.tiff","navCategories":[{"code":"32474","name":"Svamp","superCategories":[{"code":"32361","name":"Grönsaker","superCategories":[{"code":"16534","name":"Frukt & Grönsaker","superCategories":[]}]}]}],"packageSizeInformation":"","pieceWeight":1.0,"salesPrice":64.95,"salesPriceData":{"b2cPrice":64.95,"b2bPrice":57.99},"piecePrice":64.95,"piecePriceData":{"b2cPrice":64.95,"b2bPrice":57.99},"salesUnit":"Vikt","comparativePriceText":"kr/kg","comparativePrice":64.95,"comparativePriceData":{"b2cPrice":64.95,"b2bPrice":57.99},"articleSold":false,"deposit":0.0,"depositData":{"b2cPrice":0.0,"b2bPrice":0.0},"vat":{"code":"vat-full-2","value":12.0,"type":"Percentage"},"animalFoodData":{},"variances":[{"code":"ca150g_2317408500000","name":"Ca 150 g","quantity":0.15,"unit":"kilogram","price":9.74,"priceData":{"b2cPrice":9.74,"b2bPrice":8.7}},{"code":"ca300g_2317408500000","name":"Ca 300 g","quantity":0.3,"unit":"kilogram","price":19.49,"priceData":{"b2cPrice":19.49,"b2bPrice":17.4}},{"code":"ca500g_2317408500000","name":"Ca 500 g","quantity":0.5,"unit":"kilogram","price":32.48,"priceData":{"b2cPrice":32.48,"b2bPrice":29.0}}],"fromSweden":false,"availableOnline":true,"isMagazine":false,"nutrientBasis":{},"originCountry":{"code":"POLAND","value":"Polen"},"replacementCountries":[],"class":"Klass 1","pharmaceuticalData":{"isPharmaceutical":false},"sustainabilityInfo":[{"productScore":[{"score":2.0,"param":"Biologisk mångfald","paramId":"biodiversity"},{"score":2.0,"param":"Klimat","paramId":"climate"},{"score":2.0,"param":"Bördighet","paramId":"soil_fertility"},{"score":2.0,"param":"Vatten","paramId":"water"},{"score":2.0,"param":"Bekämpningsmedel","paramId":"pesticides"},{"score":2.0,"param":"Övergödning","paramId":"eutrophication"},{"score":null,"param":"Djuromsorg och antibiotika","paramId":"animal_welfare_antibiotics"},{"score":3.5,"param":"Arbetsförhållanden","paramId":"working_conditions"},{"score":3.0,"param":"Lokalbefolkning","paramId":"local_population"},{"score":2.0,"param":"Lagefterlevnad och spårbarhet","paramId":"compliance_traceability"}]}],"sustainabilityInfoApplicable":true},{"id":"2317305000009","type":"Product","ean":"2317305000009","name":"Vitkål","description":"Produkten varierar något i storlek och vikt. När du handlar hos oss visar vi en uppskattad vikt för varan och ett pris baserat på kilopriset. Ni debiteras efter vi plockat ihop era varor den verkliga vikten.<br> Vi garanterar att du alltid betalar för varans verkliga vikt.","imageUrl":"http://res.cloudinary.com/coopsverige/image/upload/v1440061754/49479.tiff","navCategories":[{"code":"334458","name":"Kål","superCategories":[{"code":"32361","name":"Grönsaker","superCategories":[{"code":"16534","name":"Frukt & Grönsaker","superCategories":[]}]}]}],"packageSize":2250.0,"packageSizeInformation":"2250 gram ungefärlig vikt","packageSizeUnit":"gram ungefärlig vikt","pieceWeight":2.25,"salesPrice":14.95,"salesPriceData":{"b2cPrice":14.95,"b2bPrice":13.35},"piecePrice":33.64,"piecePriceData":{"b2cPrice":33.64,"b2bPrice":30.04},"salesUnit":"Vikt","comparativePriceText":"kr/kg","comparativePrice":14.95,"comparativePriceData":{"b2cPrice":14.95,"b2bPrice":13.35},"articleSold":false,"deposit":0.0,"depositData":{"b2cPrice":0.0,"b2bPrice":0.0},"vat":{"code":"vat-full-2","value":12.0,"type":"Percentage"},"animalFoodData":{},"fromSweden":false,"availableOnline":true,"countryOfOriginCodes":[{"code":"752","value":"Sverige"}],"isMagazine":false,"nutrientBasis":{},"originCountry":{"code":"GERMANY","value":"Tyskland"},"replacementCountries":[{"code":"SWEDEN","value":"Sverige"}],"class":"Klass 1","pharmaceuticalData":{"isPharmaceutical":false},"sustainabilityInfo":[{"productScore":[{"score":2.5,"param":"Biologisk mångfald","paramId":"biodiversity"},{"score":1.0,"param":"Klimat","paramId":"climate"},{"score":2.5,"param":"Bördighet","paramId":"soil_fertility"},{"score":1.5,"param":"Vatten","paramId":"water"},{"score":2.0,"param":"Bekämpningsmedel","paramId":"pesticides"},{"score":2.5,"param":"Övergödning","paramId":"eutrophication"},{"score":null,"param":"Djuromsorg och antibiotika","paramId":"animal_welfare_antibiotics"},{"score":1.5,"param":"Arbetsförhållanden","paramId":"working_conditions"},{"score":1.0,"param":"Lokalbefolkning","paramId":"local_population"},{"score":1.0,"param":"Lagefterlevnad och spårbarhet","paramId":"compliance_traceability"}]}],"sustainabilityInfoApplicable":true},{"id":"7300156579232","type":"Product","ean":"7300156579232","name":"Raw Slaw Hackat & Klart","manufacturerName":"Coop","description":"Raw Slaw - skurna morötter, rödbetor och broccoli.","imageUrl":"http://res.cloudinary.com/coopsverige/image/upload/v1730104704/cloud/397265.tiff","listOfIngredients":"Ingredienser: morötter 34%, rödbeta 33%, broccoli 33%","navCategories":[{"code":"334460","name":"Färdigskuret","superCategories":[{"code":"32361","name":"Grönsaker","superCategories":[{"code":"16534","name":"Frukt & Grönsaker","superCategories":[]}]}]}],"maxStorageTemperature":"4","packageSize":300.0,"packageSizeInformation":"300 g","packageSizeUnit":"Gram","salesPrice":19.95,"salesPriceData":{"b2cPrice":19.95,"b2bPrice":17.81},"piecePrice":19.95,"piecePriceData":{"b2cPrice":19.95,"b2bPrice":17.81},"salesUnit":"Styck","comparativePriceText":"kr/kg","comparativePrice":66.5,"comparativePriceData":{"b2cPrice":66.5,"b2bPrice":59.38},"articleSold":false,"deposit":0.0,"depositData":{"b2cPrice":0.0,"b2bPrice":0.0},"vat":{"code":"vat-full-2","value":12.0,"type":"Percentage"},"nutrientLinks":[{"amount":["170"],"description":"Energi","unit":"Kilojoule"},{"amount":["41"],"description":"Energi","unit":"Kilokalori"},{"amount":["0.50"],"description":"Fett","unit":"Gram"},{"amount":["0"],"description":"Varav mättat fett","unit":"Gram"},{"amount":["6.50"],"description":"Kolhydrat","unit":"Gram"},{"amount":["5.80"],"description":"Varav sockerarter","unit":"Gram"},{"amount":["2.70"],"description":"Fiber","unit":"Gram"},{"amount":["1.80"],"description":"Protein","unit":"Gram"},{"amount":["0"],"description":"Salt","unit":"Gram"}],"animalFoodData":{},"fromSweden":false,"availableOnline":true,"countryOfOriginCodes":[{"code":"752","value":"Sverige"}],"isMagazine":false,"nutrientBasis":{"quantity":100.0},"originCountry":{"code":"SWEDEN","value":"Sverige"},"replacementCountries":[{"code":"THE NETHERLANDS","value":"Nederländerna"},{"code":"GERMANY","value":"Tyskland"},{"code":"SPAIN","value":"Spanien"}],"class":"Klass 1","pharmaceuticalData":{"isPharmaceutical":false},"nutrientInformation":[{"header":{"nutrientBasisQuantity":100.0,"nutrientBasisQuantityUnit":{"code":"GRM","value":"Gram"}}}],"sustainabilityInfo":[{"productScore":[{"score":2.5,"param":"Biologisk mångfald","paramId":"biodiversity"},{"score":1.0,"param":"Klimat","paramId":"climate"},{"score":2.5,"param":"Bördighet","paramId":"soil_fertility"},{"score":2.0,"param":"Vatten","paramId":"water"},{"score":2.0,"param":"Bekämpningsmedel","paramId":"pesticides"},{"score":2.5,"param":"Övergödning","paramId":"eutrophication"},{"score":null,"param":"Djuromsorg och antibiotika","paramId":"animal_welfare_antibiotics"},{"score":1.5,"param":"Arbetsförhållanden","paramId":"working_conditions"},{"score":2.0,"param":"Lokalbefolkning","paramId":"local_population"},{"score":1.5,"param":"Lagefterlevnad och spårbarhet","paramId":"compliance_traceability"}]}],"sustainabilityInfoApplicable":true},{"id":"7300156574978","type":"Product","ean":"7300156574978","name":"Avokado","imageUrl":"http://res.cloudinary.com/coopsverige/image/upload/v1556783223/371646.tiff","navCategories":[{"code":"334453","name":"Avokado","superCategories":[{"code":"32361","name":"Grönsaker","superCategories":[{"code":"16534","name":"Frukt & Grönsaker","superCategories":[]}]}]}],"packageSize":170.0,"packageSizeInformation":"170 gram ungefärlig vikt","packageSizeUnit":"gram ungefärlig vikt","pieceWeight":0.17,"salesPrice":16.95,"salesPriceData":{"b2cPrice":16.95,"b2bPrice":15.13},"piecePrice":16.95,"piecePriceData":{"b2cPrice":16.95,"b2bPrice":15.13},"salesUnit":"Styck","comparativePriceText":"kr/st","comparativePrice":5.65,"comparativePriceData":{"b2cPrice":5.65,"b2bPrice":5.04},"articleSold":false,"deposit":0.0,"depositData":{"b2cPrice":0.0,"b2bPrice":0.0},"vat":{"code":"vat-full-2","value":12.0,"type":"Percentage"},"animalFoodData":{},"onlinePromotions":[{"id":"016001_35087","price":26.0,"priceData":{"b2cPrice":26.0,"b2bPrice":23.21},"startDate":"2025-07-06T22:00:00Z","endDate":"2025-07-13T22:00:00Z","message":"AVOKADO 2 FÖR 26 KR-2 för 26:-","type":"MULTI_BUY_FIXED_PRICE","numberOfProductRequired":2,"medMeraRequired":false,"priority":910,"comparativePrice":{"b2cPrice":4.33,"b2bPrice":3.87},"higherThanHistoricalPrice":false}],"fromSweden":false,"availableOnline":true,"isMagazine":false,"nutrientBasis":{},"originCountry":{"code":"CHILE","value":"Chile"},"replacementCountries":[],"class":"Klass 1","pharmaceuticalData":{"isPharmaceutical":false},"sustainabilityInfo":[{"productScore":[{"score":2.0,"param":"Biologisk mångfald","paramId":"biodiversity"},{"score":2.5,"param":"Klimat","paramId":"climate"},{"score":2.0,"param":"Bördighet","paramId":"soil_fertility"},{"score":2.0,"param":"Vatten","paramId":"water"},{"score":2.0,"param":"Bekämpningsmedel","paramId":"pesticides"},{"score":2.0,"param":"Övergödning","paramId":"eutrophication"},{"score":null,"param":"Djuromsorg och antibiotika","paramId":"animal_welfare_antibiotics"},{"score":3.0,"param":"Arbetsförhållanden","paramId":"working_conditions"},{"score":3.5,"param":"Lokalbefolkning","paramId":"local_population"},{"score":2.5,"param":"Lagefterlevnad och spårbarhet","paramId":"compliance_traceability"}]}],"sustainabilityInfoApplicable":true},{"id":"7300156598851","type":"Product","ean":"7300156598851","name":"Grönkål","manufacturerName":"Coop","description":"Skuren grönkål. Sköljd och färdig att äta.","imageUrl":"http://res.cloudinary.com/coopsverige/image/upload/v1730104883/cloud/397277.tiff","listOfIngredients":"Ingredienser: Grönkål 100%","navCategories":[{"code":"334460","name":"Färdigskuret","superCategories":[{"code":"32361","name":"Grönsaker","superCategories":[{"code":"16534","name":"Frukt & Grönsaker","superCategories":[]}]}]}],"accreditedTags":[{"code":"GLOBAL_GAP"},{"code":"GRASP"}],"maxStorageTemperature":"4","packageSize":200.0,"packageSizeInformation":"200 g","packageSizeUnit":"Gram","salesPrice":24.95,"salesPriceData":{"b2cPrice":24.95,"b2bPrice":22.28},"piecePrice":24.95,"piecePriceData":{"b2cPrice":24.95,"b2bPrice":22.28},"salesUnit":"Styck","comparativePriceText":"kr/kg","comparativePrice":124.75,"comparativePriceData":{"b2cPrice":124.75,"b2bPrice":111.38},"articleSold":false,"deposit":0.0,"depositData":{"b2cPrice":0.0,"b2bPrice":0.0},"vat":{"code":"vat-full-2","value":12.0,"type":"Percentage"},"nutrientLinks":[{"amount":["50"],"description":"Energi","unit":"Kilokalori"},{"amount":["209"],"description":"Energi","unit":"Kilojoule"},{"amount":["0.7"],"description":"Fett","unit":"Gram"},{"amount":["0.1"],"description":"Varav mättat fett","unit":"Gram"},{"amount":["5.7"],"description":"Kolhydrat","unit":"Gram"},{"amount":["2.1"],"description":"Varav sockerarter","unit":"Gram"},{"amount":["3.3"],"description":"Protein","unit":"Gram"},{"amount":["0.1"],"description":"Salt","unit":"Gram"}],"animalFoodData":{},"fromSweden":false,"availableOnline":true,"countryOfOriginCodes":[{"code":"752","value":"Sverige"}],"isMagazine":false,"nutrientBasis":{"quantity":100.0},"originCountry":{"code":"SWEDEN","value":"Sverige"},"replacementCountries":[],"pharmaceuticalData":{"isPharmaceutical":false},"nutrientInformation":[{"header":{"nutrientBasisQuantity":100.0,"nutrientBasisQuantityType":"BY_MEASURE","nutrientBasisQuantityUnit":{"code":"GRM","value":"Gram"}}}],"sustainabilityInfoApplicable":true},{"id":"2317474500003","type":"Product","ean":"2317474500003","name":"Rabarber","description":"Produkten varierar något i storlek och vikt. När du handlar hos oss visar vi en uppskattad vikt för varan och ett pris baserat på kilopriset. Ni debiteras efter vi plockat ihop era varor den verkliga vikten.<br> Vi garanterar att du alltid betalar för varans verkliga vikt.","imageUrl":"http://res.cloudinary.com/coopsverige/image/upload/v1440063253/49700.tiff","navCategories":[{"code":"334466","name":"Övrig exotisk frukt","superCategories":[{"code":"32484","name":"Frukt & bär","superCategories":[{"code":"16534","name":"Frukt & Grönsaker","superCategories":[]}]}]}],"packageSizeInformation":"1 kg","pieceWeight":1.0,"salesPrice":49.95,"salesPriceData":{"b2cPrice":49.95,"b2bPrice":44.6},"piecePrice":49.95,"piecePriceData":{"b2cPrice":49.95,"b2bPrice":44.6},"salesUnit":"Vikt","comparativePriceText":"kr/kg","comparativePrice":49.95,"comparativePriceData":{"b2cPrice":49.95,"b2bPrice":44.6},"articleSold":false,"deposit":0.0,"depositData":{"b2cPrice":0.0,"b2bPrice":0.0},"vat":{"code":"vat-full-2","value":12.0,"type":"Percentage"},"animalFoodData":{},"variances":[{"code":"ca1000g_2317474500003","name":"Ca 1000 g","quantity":1.0,"unit":"kilogram","price":49.95,"priceData":{"b2cPrice":49.95,"b2bPrice":44.6}},{"code":"ca300g_2317474500003","name":"Ca 300 g","quantity":0.3,"unit":"kilogram","price":14.99,"priceData":{"b2cPrice":14.99,"b2bPrice":13.38}},{"code":"ca500g_2317474500003","name":"Ca 500 g","quantity":0.5,"unit":"kilogram","price":24.98,"priceData":{"b2cPrice":24.98,"b2bPrice":22.3}}],"fromSweden":false,"availableOnline":true,"isMagazine":false,"nutrientBasis":{},"originCountry":{"code":"SWEDEN","value":"Sverige"},"replacementCountries":[],"class":"Klass 1","pharmaceuticalData":{"isPharmaceutical":false},"sustainabilityInfo":[{"productScore":[{"score":2.0,"param":"Biologisk mångfald","paramId":"biodiversity"},{"score":1.0,"param":"Klimat","paramId":"climate"},{"score":2.0,"param":"Bördighet","paramId":"soil_fertility"},{"score":2.0,"param":"Vatten","paramId":"water"},{"score":2.0,"param":"Bekämpningsmedel","paramId":"pesticides"},{"score":2.0,"param":"Övergödning","paramId":"eutrophication"},{"score":null,"param":"Djuromsorg och antibiotika","paramId":"animal_welfare_antibiotics"},{"score":1.5,"param":"Arbetsförhållanden","paramId":"working_conditions"},{"score":1.0,"param":"Lokalbefolkning","paramId":"local_population"},{"score":1.0,"param":"Lagefterlevnad och spårbarhet","paramId":"compliance_traceability"}]}],"sustainabilityInfoApplicable":true},{"id":"7340007904547","type":"Product","ean":"7340007904547","name":"Körsbär","imageUrl":"http://res.cloudinary.com/coopsverige/image/upload/v1591954134/401499.tiff","navCategories":[{"code":"334452","name":"Övrig frukt","superCategories":[{"code":"32484","name":"Frukt & bär","superCategories":[{"code":"16534","name":"Frukt & Grönsaker","superCategories":[]}]}]}],"packageSize":500.0,"packageSizeInformation":"500 g","packageSizeUnit":"Gram","salesPrice":64.95,"salesPriceData":{"b2cPrice":64.95,"b2bPrice":57.99},"piecePrice":64.95,"piecePriceData":{"b2cPrice":64.95,"b2bPrice":57.99},"salesUnit":"Styck","comparativePriceText":"kr/kg","comparativePrice":129.9,"comparativePriceData":{"b2cPrice":129.9,"b2bPrice":115.98},"articleSold":false,"deposit":0.0,"depositData":{"b2cPrice":0.0,"b2bPrice":0.0},"vat":{"code":"vat-full-2","value":12.0,"type":"Percentage"},"animalFoodData":{},"fromSweden":false,"availableOnline":true,"isMagazine":false,"nutrientBasis":{},"originCountry":{"code":"SPAIN","value":"Spanien"},"replacementCountries":[],"class":"Klass 1","pharmaceuticalData":{"isPharmaceutical":false},"sustainabilityInfoApplicable":true},{"id":"7340011406891","type":"Product","ean":"7340011406891","name":"Dill Eko","manufacturerName":"Änglamark","imageUrl":"http://res.cloudinary.com/coopsverige/image/upload/v1634124265/cloud/236487.tiff","navCategories":[{"code":"334462","name":"Färska örter & Smaksättare","superCategories":[{"code":"32361","name":"Grönsaker","superCategories":[{"code":"16534","name":"Frukt & Grönsaker","superCategories":[]}]}]}],"accreditedTags":[{"code":"EU_ORGANIC_FARMING","description":"EU Ekologiskt jordbruk","imageUrl":"https://res.cloudinary.com/coopsverige/image/upload/cooponline/produktmarkning/EUOrganicFarmingLogo.jpg","priority":210},{"code":"KRAV_MARK","description":"KRAV-märkt","imageUrl":"https://res.cloudinary.com/coopsverige/image/upload/cooponline/produktmarkning/KRAVLogo.svg","priority":330}],"packageSize":35.0,"packageSizeInformation":"35 g","packageSizeUnit":"Gram","salesPrice":19.95,"salesPriceData":{"b2cPrice":19.95,"b2bPrice":17.81},"piecePrice":19.95,"piecePriceData":{"b2cPrice":19.95,"b2bPrice":17.81},"salesUnit":"Styck","comparativePriceText":"kr/kg","comparativePrice":570.0,"comparativePriceData":{"b2cPrice":570.0,"b2bPrice":508.93},"articleSold":false,"deposit":0.0,"depositData":{"b2cPrice":0.0,"b2bPrice":0.0},"vat":{"code":"vat-full-2","value":12.0,"type":"Percentage"},"animalFoodData":{},"onlinePromotions":[{"id":"016001_34499","price":35.0,"priceData":{"b2cPrice":35.0,"b2bPrice":31.25},"startDate":"2025-06-15T22:00:00Z","endDate":"2025-08-03T22:00:00Z","message":"ÖRTER 2 FÖR 35 KR-2 för 35:-","type":"MULTI_BUY_FIXED_PRICE","numberOfProductRequired":2,"medMeraRequired":false,"priority":910,"comparativePrice":{"b2cPrice":500.0,"b2bPrice":446.43},"higherThanHistoricalPrice":false}],"fromSweden":false,"availableOnline":true,"isMagazine":false,"nutrientBasis":{},"originCountry":{"code":"SWEDEN","value":"Sverige"},"replacementCountries":[],"pharmaceuticalData":{"isPharmaceutical":false},"sustainabilityInfo":[{"productScore":[{"score":1.0,"param":"Biologisk mångfald","paramId":"biodiversity"},{"score":1.0,"param":"Klimat","paramId":"climate"},{"score":1.0,"param":"Bördighet","paramId":"soil_fertility"},{"score":1.0,"param":"Vatten","paramId":"water"},{"score":1.0,"param":"Bekämpningsmedel","paramId":"pesticides"},{"score":1.0,"param":"Övergödning","paramId":"eutrophication"},{"score":null,"param":"Djuromsorg och antibiotika","paramId":"animal_welfare_antibiotics"},{"score":1.0,"param":"Arbetsförhållanden","paramId":"working_conditions"},{"score":1.0,"param":"Lokalbefolkning","paramId":"local_population"},{"score":1.0,"param":"Lagefterlevnad och spårbarhet","paramId":"compliance_traceability"}]}],"sustainabilityInfoApplicable":true},{"id":"7300156594419","type":"Product","ean":"7300156594419","name":"Granatäpple","imageUrl":"http://res.cloudinary.com/coopsverige/image/upload/v1661258163/cloud/257234.tiff","navCategories":[{"code":"334452","name":"Övrig frukt","superCategories":[{"code":"32484","name":"Frukt & bär","superCategories":[{"code":"16534","name":"Frukt & Grönsaker","superCategories":[]}]}]}],"packageSize":300.0,"packageSizeInformation":"300 gram ungefärlig vikt","packageSizeUnit":"gram ungefärlig vikt","pieceWeight":0.3,"salesPrice":29.95,"salesPriceData":{"b2cPrice":29.95,"b2bPrice":26.74},"piecePrice":29.95,"piecePriceData":{"b2cPrice":29.95,"b2bPrice":26.74},"salesUnit":"Styck","comparativePriceText":"kr/kg","comparativePrice":99.83,"comparativePriceData":{"b2cPrice":99.83,"b2bPrice":89.13},"articleSold":false,"deposit":0.0,"depositData":{"b2cPrice":0.0,"b2bPrice":0.0},"vat":{"code":"vat-full-2","value":12.0,"type":"Percentage"},"animalFoodData":{},"fromSweden":false,"availableOnline":true,"isMagazine":false,"nutrientBasis":{},"originCountry":{"code":"SPAIN","value":"Spanien"},"replacementCountries":[],"class":"Klass 1","pharmaceuticalData":{"isPharmaceutical":false},"sustainabilityInfoApplicable":true},{"id":"5700383161163","type":"Product","ean":"5700383161163","name":"Paraguayos","manufacturerName":"Coop","imageUrl":"http://res.cloudinary.com/coopsverige/image/upload/v1440060908/49353.tiff","navCategories":[{"code":"334466","name":"Övrig exotisk frukt","superCategories":[{"code":"32484","name":"Frukt & bär","superCategories":[{"code":"16534","name":"Frukt & Grönsaker","superCategories":[]}]}]}],"packageSize":500.0,"packageSizeInformation":"500 gram ungefärlig vikt","packageSizeUnit":"gram ungefärlig vikt","pieceWeight":0.5,"salesPrice":32.95,"salesPriceData":{"b2cPrice":32.95,"b2bPrice":29.42},"piecePrice":32.95,"piecePriceData":{"b2cPrice":32.95,"b2bPrice":29.42},"salesUnit":"Styck","comparativePriceText":"kr/kg","comparativePrice":65.9,"comparativePriceData":{"b2cPrice":65.9,"b2bPrice":58.84},"articleSold":false,"deposit":0.0,"depositData":{"b2cPrice":0.0,"b2bPrice":0.0},"vat":{"code":"vat-full-2","value":12.0,"type":"Percentage"},"animalFoodData":{},"fromSweden":false,"availableOnline":true,"isMagazine":false,"nutrientBasis":{},"originCountry":{"code":"SPAIN","value":"Spanien"},"replacementCountries":[],"class":"Klass 1","pharmaceuticalData":{"isPharmaceutical":false},"sustainabilityInfo":[{"productScore":[{"score":2.0,"param":"Biologisk mångfald","paramId":"biodiversity"},{"score":1.0,"param":"Klimat","paramId":"climate"},{"score":2.0,"param":"Bördighet","paramId":"soil_fertility"},{"score":2.0,"param":"Vatten","paramId":"water"},{"score":2.0,"param":"Bekämpningsmedel","paramId":"pesticides"},{"score":2.0,"param":"Övergödning","paramId":"eutrophication"},{"score":null,"param":"Djuromsorg och antibiotika","paramId":"animal_welfare_antibiotics"},{"score":2.5,"param":"Arbetsförhållanden","paramId":"working_conditions"},{"score":3.0,"param":"Lokalbefolkning","paramId":"local_population"},{"score":3.0,"param":"Lagefterlevnad och spårbarhet","paramId":"compliance_traceability"}]}],"sustainabilityInfoApplicable":true},{"id":"7323130119576","type":"Product","ean":"7323130119576","name":"Gräslök","imageUrl":"http://res.cloudinary.com/coopsverige/image/upload/v1730294760/cloud/398166.png","navCategories":[{"code":"334462","name":"Färska örter & Smaksättare","superCategories":[{"code":"32361","name":"Grönsaker","superCategories":[{"code":"16534","name":"Frukt & Grönsaker","superCategories":[]}]}]}],"packageSizeInformation":"20 g","salesPrice":12.95,"salesPriceData":{"b2cPrice":12.95,"b2bPrice":11.56},"piecePrice":12.95,"piecePriceData":{"b2cPrice":12.95,"b2bPrice":11.56},"salesUnit":"Styck","comparativePriceText":"kr/kg","comparativePrice":647.5,"comparativePriceData":{"b2cPrice":647.5,"b2bPrice":578.13},"articleSold":false,"deposit":0.0,"depositData":{"b2cPrice":0.0,"b2bPrice":0.0},"vat":{"code":"vat-full-2","value":12.0,"type":"Percentage"},"animalFoodData":{},"onlinePromotions":[{"id":"016001_35081","price":22.0,"priceData":{"b2cPrice":22.0,"b2bPrice":19.64},"startDate":"2025-07-06T22:00:00Z","endDate":"2025-07-13T22:00:00Z","message":"FÄRSKA ÖRTER FLOW 2 FÖR-2 för 22:-","type":"MULTI_BUY_FIXED_PRICE","numberOfProductRequired":2,"medMeraRequired":false,"priority":910,"comparativePrice":{"b2cPrice":550.0,"b2bPrice":491.07},"higherThanHistoricalPrice":false}],"fromSweden":false,"availableOnline":true,"isMagazine":false,"nutrientBasis":{},"originCountry":{"code":"MOROCCO","value":"Marocko"},"replacementCountries":[{"code":"DENMARK","value":"Danmark"}],"pharmaceuticalData":{"isPharmaceutical":false},"sustainabilityInfoApplicable":true},{"id":"7300156596130","type":"Product","ean":"7300156596130","name":"Nektariner","manufacturerName":"COOP","imageUrl":"http://res.cloudinary.com/coopsverige/image/upload/v1691488997/cloud/287271.jpg","navCategories":[{"code":"334451","name":"Nektariner & Persikor","superCategories":[{"code":"32484","name":"Frukt & bär","superCategories":[{"code":"16534","name":"Frukt & Grönsaker","superCategories":[]}]}]}],"packageSize":1000.0,"packageSizeInformation":"1000 gram","packageSizeUnit":"Gram","salesPrice":41.95,"salesPriceData":{"b2cPrice":41.95,"b2bPrice":37.46},"piecePrice":41.95,"piecePriceData":{"b2cPrice":41.95,"b2bPrice":37.46},"salesUnit":"Styck","comparativePriceText":"kr/kg","comparativePrice":41.95,"comparativePriceData":{"b2cPrice":41.95,"b2bPrice":37.46},"articleSold":false,"deposit":0.0,"depositData":{"b2cPrice":0.0,"b2bPrice":0.0},"vat":{"code":"vat-full-2","value":12.0,"type":"Percentage"},"animalFoodData":{},"fromSweden":false,"availableOnline":true,"isMagazine":false,"nutrientBasis":{},"originCountry":{"code":"SPAIN","value":"Spanien"},"replacementCountries":[{"code":"ITALY","value":"Italien"},{"code":"SPAIN","value":"Spanien"}],"class":"Klass 1","pharmaceuticalData":{"isPharmaceutical":false},"sustainabilityInfoApplicable":true},{"id":"6191514300176","type":"Product","ean":"6191514300176","name":"Dadlar Färska","imageUrl":"http://res.cloudinary.com/coopsverige/image/upload/v1713339444/cloud/345553.jpg","navCategories":[{"code":"334466","name":"Övrig exotisk frukt","superCategories":[{"code":"32484","name":"Frukt & bär","superCategories":[{"code":"16534","name":"Frukt & Grönsaker","superCategories":[]}]}]}],"packageSizeInformation":"200 g","salesPrice":14.95,"salesPriceData":{"b2cPrice":14.95,"b2bPrice":13.35},"piecePrice":14.95,"piecePriceData":{"b2cPrice":14.95,"b2bPrice":13.35},"salesUnit":"Styck","comparativePriceText":"kr/kg","comparativePrice":74.75,"comparativePriceData":{"b2cPrice":74.75,"b2bPrice":66.74},"articleSold":false,"deposit":0.0,"depositData":{"b2cPrice":0.0,"b2bPrice":0.0},"vat":{"code":"vat-full-2","value":12.0,"type":"Percentage"},"animalFoodData":{},"fromSweden":false,"availableOnline":true,"isMagazine":false,"nutrientBasis":{},"originCountry":{"code":"TUNISIA","value":"Tunisien"},"replacementCountries":[],"pharmaceuticalData":{"isPharmaceutical":false},"sustainabilityInfoApplicable":true},{"id":"7300150031514","type":"Product","ean":"7300150031514","name":"Vardagsmix","manufacturerName":"Coop","description":"Salladsmix: Lollo Rosso 25 %, Frissé 25 %, Ruccola 25 %,  Rosé 25 % Sköljd och färdig att ätas.","imageUrl":"http://res.cloudinary.com/coopsverige/image/upload/v1733404188/cloud/414130.tiff","listOfIngredients":"Ingredienser: Lollo Rosso 25 %, Frissé 25 %, Ruccola 25 %,  Rosé 25 %","navCategories":[{"code":"334460","name":"Färdigskuret","superCategories":[{"code":"32361","name":"Grönsaker","superCategories":[{"code":"16534","name":"Frukt & Grönsaker","superCategories":[]}]}]}],"maxStorageTemperature":"8","packageSize":125.0,"packageSizeInformation":"125 g","packageSizeUnit":"Gram","salesPrice":19.95,"salesPriceData":{"b2cPrice":19.95,"b2bPrice":17.81},"piecePrice":19.95,"piecePriceData":{"b2cPrice":19.95,"b2bPrice":17.81},"salesUnit":"Styck","comparativePriceText":"kr/kg","comparativePrice":159.6,"comparativePriceData":{"b2cPrice":159.6,"b2bPrice":142.5},"articleSold":false,"deposit":0.0,"depositData":{"b2cPrice":0.0,"b2bPrice":0.0},"vat":{"code":"vat-full-2","value":12.0,"type":"Percentage"},"nutrientLinks":[{"amount":["19.5"],"description":"Energi","unit":"Kilokalori"},{"amount":["81.5"],"description":"Energi","unit":"Kilojoule"},{"amount":["0.4"],"description":"Fett","unit":"Gram"},{"amount":["0"],"description":"Varav mättat fett","unit":"Gram"},{"amount":["2.6"],"description":"Kolhydrat","unit":"Gram"},{"amount":["0.6"],"description":"Varav sockerarter","unit":"Gram"},{"amount":["1.5"],"description":"Protein","unit":"Gram"},{"amount":["0.3"],"description":"Salt","unit":"Gram"}],"animalFoodData":{},"fromSweden":false,"availableOnline":true,"countryOfOriginCodes":[{"code":"752","value":"Sverige"}],"isMagazine":false,"nutrientBasis":{"quantity":100.0},"originCountry":{"code":"SWEDEN","value":"Sverige"},"replacementCountries":[],"pharmaceuticalData":{"isPharmaceutical":false},"nutrientInformation":[{"header":{"nutrientBasisQuantity":100.0,"nutrientBasisQuantityType":"BY_MEASURE","nutrientBasisQuantityUnit":{"code":"GRM","value":"Gram"}}}],"sustainabilityInfo":[{"productScore":[{"score":2.0,"param":"Biologisk mångfald","paramId":"biodiversity"},{"score":2.0,"param":"Klimat","paramId":"climate"},{"score":2.0,"param":"Bördighet","paramId":"soil_fertility"},{"score":2.0,"param":"Vatten","paramId":"water"},{"score":2.0,"param":"Bekämpningsmedel","paramId":"pesticides"},{"score":2.0,"param":"Övergödning","paramId":"eutrophication"},{"score":null,"param":"Djuromsorg och antibiotika","paramId":"animal_welfare_antibiotics"},{"score":1.5,"param":"Arbetsförhållanden","paramId":"working_conditions"},{"score":2.5,"param":"Lokalbefolkning","paramId":"local_population"},{"score":2.0,"param":"Lagefterlevnad och spårbarhet","paramId":"compliance_traceability"}]}],"regulatedArticleDescription":"Vardagsmix 125g","sustainabilityInfoApplicable":true},{"id":"7340007901324","type":"Product","ean":"7340007901324","name":"Aprikos","imageUrl":"http://res.cloudinary.com/coopsverige/image/upload/v1685113212/cloud/281551.tiff","navCategories":[{"code":"334451","name":"Nektariner & Persikor","superCategories":[{"code":"32484","name":"Frukt & bär","superCategories":[{"code":"16534","name":"Frukt & Grönsaker","superCategories":[]}]}]},{"code":"334466","name":"Övrig exotisk frukt","superCategories":[{"code":"32484","name":"Frukt & bär","superCategories":[{"code":"16534","name":"Frukt & Grönsaker","superCategories":[]}]}]}],"packageSize":500.0,"packageSizeInformation":"500 gram ungefärlig vikt","packageSizeUnit":"gram ungefärlig vikt","pieceWeight":0.5,"salesPrice":34.95,"salesPriceData":{"b2cPrice":34.95,"b2bPrice":31.21},"piecePrice":34.95,"piecePriceData":{"b2cPrice":34.95,"b2bPrice":31.21},"salesUnit":"Styck","comparativePriceText":"kr/kg","comparativePrice":69.9,"comparativePriceData":{"b2cPrice":69.9,"b2bPrice":62.41},"articleSold":false,"deposit":0.0,"depositData":{"b2cPrice":0.0,"b2bPrice":0.0},"vat":{"code":"vat-full-2","value":12.0,"type":"Percentage"},"animalFoodData":{},"fromSweden":false,"availableOnline":true,"isMagazine":false,"nutrientBasis":{},"originCountry":{"code":"SPAIN","value":"Spanien"},"replacementCountries":[],"class":"Klass 1","pharmaceuticalData":{"isPharmaceutical":false},"sustainabilityInfo":[{"productScore":[{"score":2.0,"param":"Biologisk mångfald","paramId":"biodiversity"},{"score":1.0,"param":"Klimat","paramId":"climate"},{"score":2.0,"param":"Bördighet","paramId":"soil_fertility"},{"score":2.0,"param":"Vatten","paramId":"water"},{"score":2.0,"param":"Bekämpningsmedel","paramId":"pesticides"},{"score":2.0,"param":"Övergödning","paramId":"eutrophication"},{"score":null,"param":"Djuromsorg och antibiotika","paramId":"animal_welfare_antibiotics"},{"score":2.5,"param":"Arbetsförhållanden","paramId":"working_conditions"},{"score":3.0,"param":"Lokalbefolkning","paramId":"local_population"},{"score":3.0,"param":"Lagefterlevnad och spårbarhet","paramId":"compliance_traceability"}]}],"sustainabilityInfoApplicable":true},{"id":"7340007916571","type":"Product","ean":"7340007916571","name":"Ingefära Eko","description":"Möjliga ursprungsländer för denna produkt är: Peru och Kina.","imageUrl":"http://res.cloudinary.com/coopsverige/image/upload/v1728044821/cloud/391764.jpg","navCategories":[{"code":"32426","name":"Övriga Grönsaker","superCategories":[{"code":"32361","name":"Grönsaker","superCategories":[{"code":"16534","name":"Frukt & Grönsaker","superCategories":[]}]}]}],"accreditedTags":[{"code":"EU_ORGANIC_FARMING","description":"EU Ekologiskt jordbruk","imageUrl":"https://res.cloudinary.com/coopsverige/image/upload/cooponline/produktmarkning/EUOrganicFarmingLogo.jpg","priority":210}],"packageSize":200.0,"packageSizeInformation":"200 gram ungefärlig vikt","packageSizeUnit":"gram ungefärlig vikt","pieceWeight":0.2,"salesPrice":24.95,"salesPriceData":{"b2cPrice":24.95,"b2bPrice":22.28},"piecePrice":24.95,"piecePriceData":{"b2cPrice":24.95,"b2bPrice":22.28},"salesUnit":"Styck","comparativePriceText":"kr/kg","comparativePrice":124.75,"comparativePriceData":{"b2cPrice":124.75,"b2bPrice":111.38},"articleSold":false,"deposit":0.0,"depositData":{"b2cPrice":0.0,"b2bPrice":0.0},"vat":{"code":"vat-full-2","value":12.0,"type":"Percentage"},"animalFoodData":{},"fromSweden":false,"availableOnline":true,"isMagazine":false,"nutrientBasis":{},"originCountry":{"code":"PERU","value":"Peru"},"replacementCountries":[],"class":"Klass 1","pharmaceuticalData":{"isPharmaceutical":false},"sustainabilityInfo":[{"productScore":[{"score":1.0,"param":"Biologisk mångfald","paramId":"biodiversity"},{"score":1.0,"param":"Klimat","paramId":"climate"},{"score":1.0,"param":"Bördighet","paramId":"soil_fertility"},{"score":2.0,"param":"Vatten","paramId":"water"},{"score":1.0,"param":"Bekämpningsmedel","paramId":"pesticides"},{"score":1.0,"param":"Övergödning","paramId":"eutrophication"},{"score":null,"param":"Djuromsorg och antibiotika","paramId":"animal_welfare_antibiotics"},{"score":3.0,"param":"Arbetsförhållanden","paramId":"working_conditions"},{"score":4.5,"param":"Lokalbefolkning","paramId":"local_population"},{"score":1.0,"param":"Lagefterlevnad och spårbarhet","paramId":"compliance_traceability"}]}],"sustainabilityInfoApplicable":true},{"id":"7300156596178","type":"Product","ean":"7300156596178","name":"Paraguayos","manufacturerName":"COOP","imageUrl":"http://res.cloudinary.com/coopsverige/image/upload/v1440060908/49353.tiff","navCategories":[{"code":"334466","name":"Övrig exotisk frukt","superCategories":[{"code":"32484","name":"Frukt & bär","superCategories":[{"code":"16534","name":"Frukt & Grönsaker","superCategories":[]}]}]}],"packageSize":502.0,"packageSizeInformation":"502 gram","packageSizeUnit":"Gram","salesPrice":32.95,"salesPriceData":{"b2cPrice":32.95,"b2bPrice":29.42},"piecePrice":32.95,"piecePriceData":{"b2cPrice":32.95,"b2bPrice":29.42},"salesUnit":"Styck","comparativePriceText":"kr/kg","comparativePrice":65.9,"comparativePriceData":{"b2cPrice":65.9,"b2bPrice":58.84},"articleSold":false,"deposit":0.0,"depositData":{"b2cPrice":0.0,"b2bPrice":0.0},"vat":{"code":"vat-full-2","value":12.0,"type":"Percentage"},"animalFoodData":{},"fromSweden":false,"availableOnline":true,"isMagazine":false,"nutrientBasis":{},"originCountry":{"code":"SPAIN","value":"Spanien"},"replacementCountries":[],"class":"Klass 1","pharmaceuticalData":{"isPharmaceutical":false},"sustainabilityInfoApplicable":true},{"id":"8413567031042","type":"Product","ean":"8413567031042","name":"Majs Förkokt 2-pack","imageUrl":"http://res.cloudinary.com/coopsverige/image/upload/v1445542727/81197.tiff","navCategories":[{"code":"32426","name":"Övriga Grönsaker","superCategories":[{"code":"32361","name":"Grönsaker","superCategories":[{"code":"16534","name":"Frukt & Grönsaker","superCategories":[]}]}]}],"packageSize":400.0,"packageSizeInformation":"400 gram ungefärlig vikt","packageSizeUnit":"gram ungefärlig vikt","pieceWeight":0.4,"salesPrice":29.95,"salesPriceData":{"b2cPrice":29.95,"b2bPrice":26.74},"piecePrice":29.95,"piecePriceData":{"b2cPrice":29.95,"b2bPrice":26.74},"salesUnit":"Styck","comparativePriceText":"kr/kg","comparativePrice":74.88,"comparativePriceData":{"b2cPrice":74.88,"b2bPrice":66.86},"articleSold":false,"deposit":0.0,"depositData":{"b2cPrice":0.0,"b2bPrice":0.0},"vat":{"code":"vat-full-2","value":12.0,"type":"Percentage"},"animalFoodData":{},"onlinePromotions":[{"id":"016001_34682","price":55.0,"priceData":{"b2cPrice":55.0,"b2bPrice":49.11},"startDate":"2025-06-29T22:00:00Z","endDate":"2025-08-03T22:00:00Z","message":"FÖRKOKT MAJS 2 FÖR 55 KR-2 för 55:-","type":"MULTI_BUY_FIXED_PRICE","numberOfProductRequired":2,"medMeraRequired":false,"priority":910,"comparativePrice":{"b2cPrice":68.75,"b2bPrice":61.38},"higherThanHistoricalPrice":false}],"fromSweden":false,"availableOnline":true,"isMagazine":false,"nutrientBasis":{},"originCountry":{"code":"SPAIN","value":"Spanien"},"replacementCountries":[],"class":"Klass 1","pharmaceuticalData":{"isPharmaceutical":false},"sustainabilityInfo":[{"productScore":[{"score":2.0,"param":"Biologisk mångfald","paramId":"biodiversity"},{"score":1.0,"param":"Klimat","paramId":"climate"},{"score":2.0,"param":"Bördighet","paramId":"soil_fertility"},{"score":2.0,"param":"Vatten","paramId":"water"},{"score":2.0,"param":"Bekämpningsmedel","paramId":"pesticides"},{"score":2.0,"param":"Övergödning","paramId":"eutrophication"},{"score":null,"param":"Djuromsorg och antibiotika","paramId":"animal_welfare_antibiotics"},{"score":2.5,"param":"Arbetsförhållanden","paramId":"working_conditions"},{"score":3.0,"param":"Lokalbefolkning","paramId":"local_population"},{"score":3.0,"param":"Lagefterlevnad och spårbarhet","paramId":"compliance_traceability"}]}],"sustainabilityInfoApplicable":true},{"id":"2317455400001","type":"Product","ean":"2317455400001","name":"Rödkål","description":"Produkten varierar något i storlek och vikt. När du handlar hos oss visar vi en uppskattad vikt för varan och ett pris baserat på kilopriset. Ni debiteras efter vi plockat ihop era varor den verkliga vikten.<br> Vi garanterar att du alltid betalar för varans verkliga vikt.","imageUrl":"http://res.cloudinary.com/coopsverige/image/upload/v1440063093/49677.tiff","navCategories":[{"code":"334458","name":"Kål","superCategories":[{"code":"32361","name":"Grönsaker","superCategories":[{"code":"16534","name":"Frukt & Grönsaker","superCategories":[]}]}]}],"packageSize":2250.0,"packageSizeInformation":"2250 gram ungefärlig vikt","packageSizeUnit":"gram ungefärlig vikt","pieceWeight":2.25,"salesPrice":31.95,"salesPriceData":{"b2cPrice":31.95,"b2bPrice":28.53},"piecePrice":71.89,"piecePriceData":{"b2cPrice":71.89,"b2bPrice":64.19},"salesUnit":"Vikt","comparativePriceText":"kr/kg","comparativePrice":31.95,"comparativePriceData":{"b2cPrice":31.95,"b2bPrice":28.53},"articleSold":false,"deposit":0.0,"depositData":{"b2cPrice":0.0,"b2bPrice":0.0},"vat":{"code":"vat-full-2","value":12.0,"type":"Percentage"},"animalFoodData":{},"fromSweden":false,"availableOnline":true,"isMagazine":false,"nutrientBasis":{},"originCountry":{"code":"GERMANY","value":"Tyskland"},"replacementCountries":[],"class":"Klass 1","pharmaceuticalData":{"isPharmaceutical":false},"sustainabilityInfo":[{"productScore":[{"score":2.0,"param":"Biologisk mångfald","paramId":"biodiversity"},{"score":1.0,"param":"Klimat","paramId":"climate"},{"score":2.5,"param":"Bördighet","paramId":"soil_fertility"},{"score":1.5,"param":"Vatten","paramId":"water"},{"score":2.0,"param":"Bekämpningsmedel","paramId":"pesticides"},{"score":2.0,"param":"Övergödning","paramId":"eutrophication"},{"score":null,"param":"Djuromsorg och antibiotika","paramId":"animal_welfare_antibiotics"},{"score":1.0,"param":"Arbetsförhållanden","paramId":"working_conditions"},{"score":1.0,"param":"Lokalbefolkning","paramId":"local_population"},{"score":1.0,"param":"Lagefterlevnad och spårbarhet","paramId":"compliance_traceability"}]}],"sustainabilityInfoApplicable":true},{"id":"7792004000447","type":"Product","ean":"7792004000447","name":"Plommon Röda","imageUrl":"http://res.cloudinary.com/coopsverige/image/upload/v1750335668/cloud/492691.tiff","navCategories":[{"code":"334452","name":"Övrig frukt","superCategories":[{"code":"32484","name":"Frukt & bär","superCategories":[{"code":"16534","name":"Frukt & Grönsaker","superCategories":[]}]}]}],"packageSize":500.0,"packageSizeInformation":"500 gram ungefärlig vikt","packageSizeUnit":"gram ungefärlig vikt","pieceWeight":0.5,"salesPrice":26.95,"salesPriceData":{"b2cPrice":26.95,"b2bPrice":24.06},"piecePrice":26.95,"piecePriceData":{"b2cPrice":26.95,"b2bPrice":24.06},"salesUnit":"Styck","comparativePriceText":"kr/kg","comparativePrice":53.9,"comparativePriceData":{"b2cPrice":53.9,"b2bPrice":48.13},"articleSold":false,"deposit":0.0,"depositData":{"b2cPrice":0.0,"b2bPrice":0.0},"vat":{"code":"vat-full-2","value":12.0,"type":"Percentage"},"animalFoodData":{},"fromSweden":false,"availableOnline":true,"isMagazine":false,"nutrientBasis":{},"originCountry":{"code":"SOUTH AFRICA","value":"Sydafrika"},"replacementCountries":[],"class":"Klass 1","pharmaceuticalData":{"isPharmaceutical":false},"sustainabilityInfo":[{"productScore":[{"score":2.0,"param":"Biologisk mångfald","paramId":"biodiversity"},{"score":2.0,"param":"Klimat","paramId":"climate"},{"score":2.0,"param":"Bördighet","paramId":"soil_fertility"},{"score":2.0,"param":"Vatten","paramId":"water"},{"score":2.0,"param":"Bekämpningsmedel","paramId":"pesticides"},{"score":2.0,"param":"Övergödning","paramId":"eutrophication"},{"score":null,"param":"Djuromsorg och antibiotika","paramId":"animal_welfare_antibiotics"},{"score":2.5,"param":"Arbetsförhållanden","paramId":"working_conditions"},{"score":3.0,"param":"Lokalbefolkning","paramId":"local_population"},{"score":3.0,"param":"Lagefterlevnad och spårbarhet","paramId":"compliance_traceability"}]}],"sustainabilityInfoApplicable":true},{"id":"7340007915086","type":"Product","ean":"7340007915086","name":"Grönkål 200G","imageUrl":"http://res.cloudinary.com/coopsverige/image/upload/v1696589968/cloud/292512.tiff","navCategories":[{"code":"334458","name":"Kål","superCategories":[{"code":"32361","name":"Grönsaker","superCategories":[{"code":"16534","name":"Frukt & Grönsaker","superCategories":[]}]}]}],"packageSize":200.0,"packageSizeInformation":"200 GR","packageSizeUnit":"Gram","salesPrice":28.95,"salesPriceData":{"b2cPrice":28.95,"b2bPrice":25.85},"piecePrice":28.95,"piecePriceData":{"b2cPrice":28.95,"b2bPrice":25.85},"salesUnit":"Styck","comparativePriceText":"kr/kg","comparativePrice":144.75,"comparativePriceData":{"b2cPrice":144.75,"b2bPrice":129.24},"articleSold":false,"deposit":0.0,"depositData":{"b2cPrice":0.0,"b2bPrice":0.0},"vat":{"code":"vat-full-2","value":12.0,"type":"Percentage"},"animalFoodData":{},"fromSweden":false,"availableOnline":true,"isMagazine":false,"nutrientBasis":{},"originCountry":{"code":"SWEDEN","value":"Sverige"},"replacementCountries":[],"pharmaceuticalData":{"isPharmaceutical":false},"sustainabilityInfo":[{"productScore":[{"score":2.0,"param":"Biologisk mångfald","paramId":"biodiversity"},{"score":1.0,"param":"Klimat","paramId":"climate"},{"score":3.0,"param":"Bördighet","paramId":"soil_fertility"},{"score":1.0,"param":"Vatten","paramId":"water"},{"score":2.0,"param":"Bekämpningsmedel","paramId":"pesticides"},{"score":2.0,"param":"Övergödning","paramId":"eutrophication"},{"score":null,"param":"Djuromsorg och antibiotika","paramId":"animal_welfare_antibiotics"},{"score":1.0,"param":"Arbetsförhållanden","paramId":"working_conditions"},{"score":1.0,"param":"Lokalbefolkning","paramId":"local_population"},{"score":1.0,"param":"Lagefterlevnad och spårbarhet","paramId":"compliance_traceability"}]}],"sustainabilityInfoApplicable":true},{"id":"7340007906749","type":"Product","ean":"7340007906749","name":"Pak Choi","imageUrl":"http://res.cloudinary.com/coopsverige/image/upload/v1634555227/cloud/236847.jpg","navCategories":[{"code":"334458","name":"Kål","superCategories":[{"code":"32361","name":"Grönsaker","superCategories":[{"code":"16534","name":"Frukt & Grönsaker","superCategories":[]}]}]}],"packageSize":250.0,"packageSizeInformation":"250 gram ungefärlig vikt","packageSizeUnit":"gram ungefärlig vikt","pieceWeight":0.25,"salesPrice":24.95,"salesPriceData":{"b2cPrice":24.95,"b2bPrice":22.28},"piecePrice":24.95,"piecePriceData":{"b2cPrice":24.95,"b2bPrice":22.28},"salesUnit":"Styck","comparativePriceText":"kr/kg","comparativePrice":99.8,"comparativePriceData":{"b2cPrice":99.8,"b2bPrice":89.11},"articleSold":false,"deposit":0.0,"depositData":{"b2cPrice":0.0,"b2bPrice":0.0},"vat":{"code":"vat-full-2","value":12.0,"type":"Percentage"},"animalFoodData":{},"fromSweden":false,"availableOnline":true,"isMagazine":false,"nutrientBasis":{},"originCountry":{"code":"THE NETHERLANDS","value":"Nederländerna"},"replacementCountries":[],"class":"Klass 1","pharmaceuticalData":{"isPharmaceutical":false},"sustainabilityInfoApplicable":true},{"id":"8712199295038","type":"Product","ean":"8712199295038","name":"Rädisor Strut ","imageUrl":"http://res.cloudinary.com/coopsverige/image/upload/v1640888274/cloud/59547.tiff","navCategories":[{"code":"32426","name":"Övriga Grönsaker","superCategories":[{"code":"32361","name":"Grönsaker","superCategories":[{"code":"16534","name":"Frukt & Grönsaker","superCategories":[]}]}]}],"packageSize":125.0,"packageSizeInformation":"125 gram ungefärlig vikt","packageSizeUnit":"gram ungefärlig vikt","pieceWeight":0.125,"salesPrice":11.95,"salesPriceData":{"b2cPrice":11.95,"b2bPrice":10.67},"piecePrice":11.95,"piecePriceData":{"b2cPrice":11.95,"b2bPrice":10.67},"salesUnit":"Styck","comparativePriceText":"kr/kg","comparativePrice":95.6,"comparativePriceData":{"b2cPrice":95.6,"b2bPrice":85.36},"articleSold":false,"deposit":0.0,"depositData":{"b2cPrice":0.0,"b2bPrice":0.0},"vat":{"code":"vat-full-2","value":12.0,"type":"Percentage"},"animalFoodData":{},"fromSweden":false,"availableOnline":true,"isMagazine":false,"nutrientBasis":{},"originCountry":{"code":"THE NETHERLANDS","value":"Nederländerna"},"replacementCountries":[],"pharmaceuticalData":{"isPharmaceutical":false},"sustainabilityInfoApplicable":true},{"id":"7340011407003","type":"Product","ean":"7340011407003","name":"Persilja Eko Kruka","manufacturerName":"Änglamark","imageUrl":"http://res.cloudinary.com/coopsverige/image/upload/v1634124341/cloud/236497.tiff","navCategories":[{"code":"334462","name":"Färska örter & Smaksättare","superCategories":[{"code":"32361","name":"Grönsaker","superCategories":[{"code":"16534","name":"Frukt & Grönsaker","superCategories":[]}]}]}],"accreditedTags":[{"code":"EU_ORGANIC_FARMING","description":"EU Ekologiskt jordbruk","imageUrl":"https://res.cloudinary.com/coopsverige/image/upload/cooponline/produktmarkning/EUOrganicFarmingLogo.jpg","priority":210},{"code":"KRAV_MARK","description":"KRAV-märkt","imageUrl":"https://res.cloudinary.com/coopsverige/image/upload/cooponline/produktmarkning/KRAVLogo.svg","priority":330}],"packageSize":35.0,"packageSizeInformation":"35 gram","packageSizeUnit":"Gram","salesPrice":19.95,"salesPriceData":{"b2cPrice":19.95,"b2bPrice":17.81},"piecePrice":19.95,"piecePriceData":{"b2cPrice":19.95,"b2bPrice":17.81},"salesUnit":"Styck","comparativePriceText":"kr/kg","comparativePrice":570.0,"comparativePriceData":{"b2cPrice":570.0,"b2bPrice":508.93},"articleSold":false,"deposit":0.0,"depositData":{"b2cPrice":0.0,"b2bPrice":0.0},"vat":{"code":"vat-full-2","value":12.0,"type":"Percentage"},"animalFoodData":{},"onlinePromotions":[{"id":"016001_34499","price":35.0,"priceData":{"b2cPrice":35.0,"b2bPrice":31.25},"startDate":"2025-06-15T22:00:00Z","endDate":"2025-08-03T22:00:00Z","message":"ÖRTER 2 FÖR 35 KR-2 för 35:-","type":"MULTI_BUY_FIXED_PRICE","numberOfProductRequired":2,"medMeraRequired":false,"priority":910,"comparativePrice":{"b2cPrice":500.0,"b2bPrice":446.43},"higherThanHistoricalPrice":false}],"fromSweden":false,"availableOnline":true,"isMagazine":false,"nutrientBasis":{},"originCountry":{"code":"SWEDEN","value":"Sverige"},"replacementCountries":[],"pharmaceuticalData":{"isPharmaceutical":false},"sustainabilityInfoApplicable":true},{"id":"8718963369080","type":"Product","ean":"8718963369080","name":"Physalis","imageUrl":"http://res.cloudinary.com/coopsverige/image/upload/v1688480047/cloud/285223.tiff","navCategories":[{"code":"334466","name":"Övrig exotisk frukt","superCategories":[{"code":"32484","name":"Frukt & bär","superCategories":[{"code":"16534","name":"Frukt & Grönsaker","superCategories":[]}]}]}],"packageSizeInformation":"100 gr","salesPrice":27.95,"salesPriceData":{"b2cPrice":27.95,"b2bPrice":24.96},"piecePrice":27.95,"piecePriceData":{"b2cPrice":27.95,"b2bPrice":24.96},"salesUnit":"Styck","comparativePriceText":"kr/kg","comparativePrice":279.5,"comparativePriceData":{"b2cPrice":279.5,"b2bPrice":249.55},"articleSold":false,"deposit":0.0,"depositData":{"b2cPrice":0.0,"b2bPrice":0.0},"vat":{"code":"vat-full-2","value":12.0,"type":"Percentage"},"animalFoodData":{},"fromSweden":false,"availableOnline":true,"isMagazine":false,"nutrientBasis":{},"originCountry":{"code":"COLOMBIA","value":"Colombia"},"replacementCountries":[],"class":"Klass 1","pharmaceuticalData":{"isPharmaceutical":false},"sustainabilityInfoApplicable":true},{"id":"7300170042606","type":"Product","ean":"7300170042606","name":"Kokosnöt","imageUrl":"http://res.cloudinary.com/coopsverige/image/upload/v1624292529/24894.tiff","navCategories":[{"code":"334466","name":"Övrig exotisk frukt","superCategories":[{"code":"32484","name":"Frukt & bär","superCategories":[{"code":"16534","name":"Frukt & Grönsaker","superCategories":[]}]}]}],"packageSize":500.0,"packageSizeInformation":"500 gram ungefärlig vikt","packageSizeUnit":"gram ungefärlig vikt","pieceWeight":0.5,"salesPrice":29.95,"salesPriceData":{"b2cPrice":29.95,"b2bPrice":26.74},"piecePrice":29.95,"piecePriceData":{"b2cPrice":29.95,"b2bPrice":26.74},"salesUnit":"Styck","comparativePriceText":"","articleSold":false,"deposit":0.0,"depositData":{"b2cPrice":0.0,"b2bPrice":0.0},"vat":{"code":"vat-full-2","value":12.0,"type":"Percentage"},"animalFoodData":{},"fromSweden":false,"availableOnline":true,"isMagazine":false,"nutrientBasis":{},"originCountry":{"code":"COTE DIVOIRE","value":"Elfenbenskusten"},"replacementCountries":[],"class":"Klass 1","pharmaceuticalData":{"isPharmaceutical":false},"sustainabilityInfoApplicable":true},{"id":"2317475900000","type":"Product","ean":"2317475900000","name":"Pumpa","description":"Produkten varierar något i storlek och vikt. När du handlar hos oss visar vi en uppskattad vikt för varan och ett pris baserat på kilopriset. Ni debiteras efter vi plockat ihop era varor den verkliga vikten.<br> Vi garanterar att du alltid betalar för varans verkliga vikt.","imageUrl":"http://res.cloudinary.com/coopsverige/image/upload/v1440063265/49703.tiff","navCategories":[{"code":"32426","name":"Övriga Grönsaker","superCategories":[{"code":"32361","name":"Grönsaker","superCategories":[{"code":"16534","name":"Frukt & Grönsaker","superCategories":[]}]}]}],"packageSize":800.0,"packageSizeInformation":"800 gram ungefärlig vikt","packageSizeUnit":"gram ungefärlig vikt","pieceWeight":0.8,"salesPrice":34.95,"salesPriceData":{"b2cPrice":34.95,"b2bPrice":31.21},"piecePrice":27.96,"piecePriceData":{"b2cPrice":27.96,"b2bPrice":24.96},"salesUnit":"Vikt","comparativePriceText":"kr/kg","comparativePrice":34.95,"comparativePriceData":{"b2cPrice":34.95,"b2bPrice":31.21},"articleSold":false,"deposit":0.0,"depositData":{"b2cPrice":0.0,"b2bPrice":0.0},"vat":{"code":"vat-full-2","value":12.0,"type":"Percentage"},"animalFoodData":{},"fromSweden":false,"availableOnline":true,"isMagazine":false,"nutrientBasis":{},"originCountry":{"code":"SPAIN","value":"Spanien"},"replacementCountries":[],"variety":"Butternut","class":"Klass 1","pharmaceuticalData":{"isPharmaceutical":false},"sustainabilityInfo":[{"productScore":[{"score":2.0,"param":"Biologisk mångfald","paramId":"biodiversity"},{"score":1.0,"param":"Klimat","paramId":"climate"},{"score":2.0,"param":"Bördighet","paramId":"soil_fertility"},{"score":2.0,"param":"Vatten","paramId":"water"},{"score":2.0,"param":"Bekämpningsmedel","paramId":"pesticides"},{"score":2.0,"param":"Övergödning","paramId":"eutrophication"},{"score":null,"param":"Djuromsorg och antibiotika","paramId":"animal_welfare_antibiotics"},{"score":3.0,"param":"Arbetsförhållanden","paramId":"working_conditions"},{"score":3.5,"param":"Lokalbefolkning","paramId":"local_population"},{"score":4.0,"param":"Lagefterlevnad och spårbarhet","paramId":"compliance_traceability"}]}],"sustainabilityInfoApplicable":true},{"id":"7300170042569","type":"Product","ean":"7300170042569","name":"Carambola","imageUrl":"http://res.cloudinary.com/coopsverige/image/upload/v1440064169/49862.tiff","navCategories":[{"code":"334466","name":"Övrig exotisk frukt","superCategories":[{"code":"32484","name":"Frukt & bär","superCategories":[{"code":"16534","name":"Frukt & Grönsaker","superCategories":[]}]}]}],"packageSize":130.0,"packageSizeInformation":"130 gram ungefärlig vikt","packageSizeUnit":"gram ungefärlig vikt","pieceWeight":0.13,"salesPrice":47.95,"salesPriceData":{"b2cPrice":47.95,"b2bPrice":42.81},"piecePrice":47.95,"piecePriceData":{"b2cPrice":47.95,"b2bPrice":42.81},"salesUnit":"Styck","comparativePriceText":"kr/kg","comparativePrice":368.85,"comparativePriceData":{"b2cPrice":368.85,"b2bPrice":329.33},"articleSold":false,"deposit":0.0,"depositData":{"b2cPrice":0.0,"b2bPrice":0.0},"vat":{"code":"vat-full-2","value":12.0,"type":"Percentage"},"animalFoodData":{},"fromSweden":false,"availableOnline":true,"isMagazine":false,"nutrientBasis":{},"originCountry":{"code":"MALAYSIA","value":"Malaysia"},"replacementCountries":[],"class":"Klass 1","sustainabilityInfoApplicable":true},{"id":"7300156503602","type":"Product","ean":"7300156503602","name":"Morot Julienne","manufacturerName":"Coop","description":"Rivna morötter, snitt: 3mmKan innehålla spår av andra grönsaker.","imageUrl":"http://res.cloudinary.com/coopsverige/image/upload/v1731424431/cloud/402880.tiff","listOfIngredients":"Ingredienser: Morot 100%","navCategories":[{"code":"334460","name":"Färdigskuret","superCategories":[{"code":"32361","name":"Grönsaker","superCategories":[{"code":"16534","name":"Frukt & Grönsaker","superCategories":[]}]}]}],"maxStorageTemperature":"4.00","packageSize":300.0,"packageSizeInformation":"300 g","packageSizeUnit":"Gram","salesPrice":14.95,"salesPriceData":{"b2cPrice":14.95,"b2bPrice":13.35},"piecePrice":14.95,"piecePriceData":{"b2cPrice":14.95,"b2bPrice":13.35},"salesUnit":"Styck","comparativePriceText":"kr/kg","comparativePrice":49.83,"comparativePriceData":{"b2cPrice":49.83,"b2bPrice":44.49},"articleSold":false,"deposit":0.0,"depositData":{"b2cPrice":0.0,"b2bPrice":0.0},"vat":{"code":"vat-full-2","value":12.0,"type":"Percentage"},"nutrientLinks":[{"amount":["152.0000"],"description":"Energi","unit":"Kilojoule"},{"amount":["36.0000"],"description":"Energi","unit":"Kilokalori"},{"amount":["0.2000"],"description":"Fett","unit":"Gram"},{"amount":["0.1000"],"description":"Varav mättat fett","unit":"Gram"},{"amount":["6.6000"],"description":"Kolhydrat","unit":"Gram"},{"amount":["6.1000"],"description":"Varav sockerarter","unit":"Gram"},{"amount":["0.7000"],"description":"Protein","unit":"Gram"},{"amount":["0.1000"],"description":"Salt","unit":"Gram"}],"animalFoodData":{},"fromSweden":false,"availableOnline":true,"countryOfOriginCodes":[{"code":"752","value":"Sverige"}],"isMagazine":false,"nutrientBasis":{"quantity":100.0},"originCountry":{"code":"SWEDEN","value":"Sverige"},"replacementCountries":[],"class":"Klass 1","pharmaceuticalData":{"isPharmaceutical":false},"nutrientInformation":[{"header":{"nutrientBasisQuantity":100.0,"nutrientBasisQuantityUnit":{"code":"GRM","value":"Gram"}}}],"sustainabilityInfo":[{"productScore":[{"score":2.0,"param":"Biologisk mångfald","paramId":"biodiversity"},{"score":1.0,"param":"Klimat","paramId":"climate"},{"score":2.0,"param":"Bördighet","paramId":"soil_fertility"},{"score":2.0,"param":"Vatten","paramId":"water"},{"score":2.0,"param":"Bekämpningsmedel","paramId":"pesticides"},{"score":2.0,"param":"Övergödning","paramId":"eutrophication"},{"score":null,"param":"Djuromsorg och antibiotika","paramId":"animal_welfare_antibiotics"},{"score":2.0,"param":"Arbetsförhållanden","paramId":"working_conditions"},{"score":2.5,"param":"Lokalbefolkning","paramId":"local_population"},{"score":2.0,"param":"Lagefterlevnad och spårbarhet","paramId":"compliance_traceability"}]}],"sustainabilityInfoApplicable":true},{"id":"7300156598868","type":"Product","ean":"7300156598868","name":"Frisémix","manufacturerName":"Coop","description":"Salladsblandning innehållande; Frisé sallat, Mache sallat, Rosé sallat. Sköljd och färdig att äta.","imageUrl":"http://res.cloudinary.com/coopsverige/image/upload/v1730807188/cloud/399836.tiff","listOfIngredients":"Ingredienser: Frise sallat 40%, Rose sallat 40%, Mache sallat 20%.","navCategories":[{"code":"334460","name":"Färdigskuret","superCategories":[{"code":"32361","name":"Grönsaker","superCategories":[{"code":"16534","name":"Frukt & Grönsaker","superCategories":[]}]}]}],"accreditedTags":[{"code":"GLOBAL_GAP"},{"code":"GRASP"}],"maxStorageTemperature":"4","packageSize":250.0,"packageSizeInformation":"250 g","packageSizeUnit":"Gram","salesPrice":28.95,"salesPriceData":{"b2cPrice":28.95,"b2bPrice":25.85},"piecePrice":28.95,"piecePriceData":{"b2cPrice":28.95,"b2bPrice":25.85},"promotionPrice":25.0,"promotionPriceData":{"b2cPrice":25.0,"b2bPrice":22.32},"salesUnit":"Styck","comparativePriceText":"kr/kg","comparativePrice":115.8,"comparativePriceData":{"b2cPrice":115.8,"b2bPrice":103.39},"articleSold":false,"deposit":0.0,"depositData":{"b2cPrice":0.0,"b2bPrice":0.0},"vat":{"code":"vat-full-2","value":12.0,"type":"Percentage"},"nutrientLinks":[{"amount":["20"],"description":"Energi","unit":"Kilokalori"},{"amount":["84"],"description":"Energi","unit":"Kilojoule"},{"amount":["0.2"],"description":"Fett","unit":"Gram"},{"amount":["0.1"],"description":"Varav mättat fett","unit":"Gram"},{"amount":["2.4"],"description":"Kolhydrat","unit":"Gram"},{"amount":["0.6"],"description":"Varav sockerarter","unit":"Gram"},{"amount":["1.6"],"description":"Protein","unit":"Gram"},{"amount":["0.1"],"description":"Salt","unit":"Gram"}],"animalFoodData":{},"onlinePromotions":[{"id":"016001_135670","price":25.0,"priceData":{"b2cPrice":25.0,"b2bPrice":22.32},"piecePrice":25.0,"piecePriceData":{"b2cPrice":25.0,"b2bPrice":22.32},"startDate":"2025-07-06T22:00:00Z","endDate":"2025-07-13T22:00:00Z","message":"Frisémix-25:- /st","type":"FIXED_PRICE","medMeraRequired":false,"priority":930,"comparativePrice":{"b2cPrice":100.0,"b2bPrice":89.29},"higherThanHistoricalPrice":false}],"fromSweden":false,"availableOnline":true,"countryOfOriginCodes":[{"code":"752","value":"Sverige"}],"isMagazine":false,"nutrientBasis":{"quantity":100.0},"originCountry":{"code":"POLAND","value":"Polen"},"replacementCountries":[{"code":"SWEDEN","value":"Sverige"},{"code":"FRANCE","value":"Frankrike"}],"pharmaceuticalData":{"isPharmaceutical":false},"nutrientInformation":[{"header":{"nutrientBasisQuantity":100.0,"nutrientBasisQuantityType":"BY_MEASURE","nutrientBasisQuantityUnit":{"code":"GRM","value":"Gram"}}}],"regulatedArticleDescription":"Frisémix 250gr","sustainabilityInfoApplicable":true}]}}
---
{"results":{"count":203,"facets":[{"name":"brand","items":[{"item":"COOP","count":43,"selected":false},{"item":"Änglamark","count":29,"selected":false},{"item":"Andreas Uppgård","count":2,"selected":false},{"item":"EAGLOBE","count":1,"selected":false},{"item":"Xtra","count":1,"selected":false}]},{"name":"environmentalLabels","items":[{"item":"Ekologiskt","count":33,"selected":false},{"item":"KRAV","count":30,"selected":false},{"item":"Nyckelhålet","count":13,"selected":false},{"item":"Svenskt ursprung","count":5,"selected":false},{"item":"Lokalt","count":2,"selected":false}]}],"items":[{"id":"2317407900009","type":"Product","ean":"2317407900009","name":"Blomkål","imageUrl":"http://res.cloudinary.com/coopsverige/image/upload/v1642954161/cloud/25153.tiff","navCategories":[{"code":"334457","name":"Blomkål & Broccoli","superCategories":[{"code":"32361","name":"Grönsaker","superCategories":[{"code":"16534","name":"Frukt & Grönsaker","superCategories":[]}]}]}],"packageSize":1000.0,"packageSizeInformation":"1000 gram ungefärlig vikt","packageSizeUnit":"gram ungefärlig vikt","pieceWeight":1.0,"salesPrice":37.95,"salesPriceData":{"b2cPrice":37.95,"b2bPrice":33.88},"piecePrice":37.95,"piecePriceData":{"b2cPrice":37.95,"b2bPrice":33.88},"salesUnit":"Vikt","comparativePriceText":"kr/kg","comparativePrice":37.95,"comparativePriceData":{"b2cPrice":37.95,"b2bPrice":33.88},"articleSold":false,"deposit":0.0,"depositData":{"b2cPrice":0.0,"b2bPrice":0.0},"vat":{"code":"vat-full-2","value":12.0,"type":"Percentage"},"animalFoodData":{},"fromSweden":false,"availableOnline":true,"isMagazine":false,"nutrientBasis":{},"originCountry":{"code":"SWEDEN","value":"Sverige"},"replacementCountries":[],"class":"Klass 1","pharmaceuticalData":{"isPharmaceutical":false},"sustainabilityInfo":[{"productScore":[{"score":2.0,"param":"Biologisk mångfald","paramId":"biodiversity"},{"score":1.0,"param":"Klimat","paramId":"climate"},{"score":2.0,"param":"Bördighet","paramId":"soil_fertility"},{"score":2.0,"param":"Vatten","paramId":"water"},{"score":2.0,"param":"Bekämpningsmedel","paramId":"pesticides"},{"score":2.0,"param":"Övergödning","paramId":"eutrophication"},{"score":null,"param":"Djuromsorg och antibiotika","paramId":"animal_welfare_antibiotics"},{"score":2.5,"param":"Arbetsförhållanden","paramId":"working_conditions"},{"score":4.0,"param":"Lokalbefolkning","paramId":"local_population"},{"score":3.0,"param":"Lagefterlevnad och spårbarhet","paramId":"compliance_traceability"}]}],"sustainabilityInfoApplicable":true},{"id":"7300156493569","type":"Product","ean":"7300156493569","name":"Familjemix","manufacturerName":"Coop","imageUrl":"http://res.cloudinary.com/coopsverige/image/upload/v1730807161/cloud/399833.tiff","listOfIngredients":"Ingredienser/Ursprung : Ruccola 30 % - Italien, Baby spenat 30 % - Spanien, Röda blad 20 % - Italien, Röd mangold 20 % - Italien","navCategories":[{"code":"334460","name":"Färdigskuret","superCategories":[{"code":"32361","name":"Grönsaker","superCategories":[{"code":"16534","name":"Frukt & Grönsaker","superCategories":[]}]}]}],"packageSize":200.0,"packageSizeInformation":"200 g ","packageSizeUnit":"Gram","salesPrice":26.95,"salesPriceData":{"b2cPrice":26.95,"b2bPrice":24.06},"piecePrice":26.95,"piecePriceData":{"b2cPrice":26.95,"b2bPrice":24.06},"promotionPrice":25.0,"promotionPriceData":{"b2cPrice":25.0,"b2bPrice":22.32},"salesUnit":"Styck","comparativePriceText":"kr/kg","comparativePrice":134.75,"comparativePriceData":{"b2cPrice":134.75,"b2bPrice":120.31},"articleSold":false,"deposit":0.0,"depositData":{"b2cPrice":0.0,"b2bPrice":0.0},"vat":{"code":"vat-full-2","value":12.0,"type":"Percentage"},"animalFoodData":{},"onlinePromotions":[{"id":"016001_135702","price":25.0,"priceData":{"b2cPrice":25.0,"b2bPrice":22.32},"piecePrice":25.0,"piecePriceData":{"b2cPrice":25.0,"b2bPrice":22.32},"startDate":"2025-07-06T22:00:00Z","endDate":"2025-07-13T22:00:00Z","message":"Familjemix-25:- /st","type":"FIXED_PRICE","medMeraRequired":false,"priority":930,"comparativePrice":{"b2cPrice":125.0,"b2bPrice":111.61},"higherThanHistoricalPrice":false}],"fromSweden":false,"availableOnline":true,"countryOfOriginCodes":[{"code":"752","value":"Sverige"}],"isMagazine":false,"nutrientBasis":{},"originCountry":{"code":"SPAIN","value":"Spanien"},"replacementCountries":[{"code":"ITALY","value":"Italien"}],"pharmaceuticalData":{"isPharmaceutical":false},"sustainabilityInfo":[{"productScore":[{"score":2.0,"param":"Biologisk mångfald","paramId":"biodiversity"},{"score":2.0,"param":"Klimat","paramId":"climate"},{"score":2.0,"param":"Bördighet","paramId":"soil_fertility"},{"score":2.0,"param":"Vatten","paramId":"water"},{"score":2.0,"param":"Bekämpningsmedel","paramId":"pesticides"},{"score":2.0,"param":"Övergödning","paramId":"eutrophication"},{"score":null,"param":"Djuromsorg och antibiotika","paramId":"animal_welfare_antibiotics"},{"score":1.5,"param":"Arbetsförhållanden","paramId":"working_conditions"},{"score":2.5,"param":"Lokalbefolkning","paramId":"local_population"},{"score":2.0,"param":"Lagefterlevnad och spårbarhet","paramId":"compliance_traceability"}]}],"sustainabilityInfoApplicable":true},{"id":"7300156599865","type":"Product","ean":"7300156599865","name":"Dill","manufacturerName":"COOP","imageUrl":"http://res.cloudinary.com/coopsverige/image/upload/v1745845966/cloud/471860.jpg","navCategories":[{"code":"334462","name":"Färska örter & Smaksättare","superCategories":[{"code":"32361","name":"Grönsaker","superCategories":[{"code":"16534","name":"Frukt & Grönsaker","superCategories":[]}]}]}],"packageSize":20.0,"packageSizeInformation":"20 gram","packageSizeUnit":"Gram","salesPrice":12.95,"salesPriceData":{"b2cPrice":12.95,"b2bPrice":11.56},"piecePrice":12.95,"piecePriceData":{"b2cPrice":12.95,"b2bPrice":11.56},"salesUnit":"Styck","comparativePriceText":"kr/kg","comparativePrice":647.5,"comparativePriceData":{"b2cPrice":647.5,"b2bPrice":578.13},"articleSold":false,"deposit":0.0,"depositData":{"b2cPrice":0.0,"b2bPrice":0.0},"vat":{"code":"vat-full-2","value":12.0,"type":"Percentage"},"animalFoodData":{},"onlinePromotions":[{"id":"016001_35081","price":22.0,"priceData":{"b2cPrice":22.0,"b2bPrice":19.64},"startDate":"2025-07-06T22:00:00Z","endDate":"2025-07-13T22:00:00Z","message":"FÄRSKA ÖRTER FLOW 2 FÖR-2 för 22:-","type":"MULTI_BUY_FIXED_PRICE","numberOfProductRequired":2,"medMeraRequired":false,"priority":910,"comparativePrice":{"b2cPrice":550.0,"b2bPrice":491.07},"higherThanHistoricalPrice":false}],"fromSweden":false,"availableOnline":true,"isMagazine":false,"nutrientBasis":{},"originCountry":{"code":"SWEDEN","value":"Sverige"},"replacementCountries":[{"code":"SPAIN","value":"Spanien"}],"pharmaceuticalData":{"isPharmaceutical":false},"sustainabilityInfoApplicable":true},{"id":"7313309402585","type":"Product","ean":"7313309402585","name":"Sparris Grön Eko","imageUrl":"http://res.cloudinary.com/coopsverige/image/upload/v1685958563/cloud/281904.jpg","navCategories":[{"code":"32426","name":"Övriga Grönsaker","superCategories":[{"code":"32361","name":"Grönsaker","superCategories":[{"code":"16534","name":"Frukt & Grönsaker","superCategories":[]}]}]}],"packageSize":250.0,"packageSizeInformation":"250 gr","salesPrice":99.0,"salesPriceData":{"b2cPrice":99.0,"b2bPrice":88.39},"piecePrice":99.0,"piecePriceData":{"b2cPrice":99.0,"b2bPrice":88.39},"salesUnit":"Styck","comparativePriceText":"kr/kg","comparativePrice":396.0,"comparativePriceData":{"b2cPrice":396.0,"b2bPrice":353.57},"articleSold":false,"deposit":0.0,"depositData":{"b2cPrice":0.0,"b2bPrice":0.0},"vat":{"code":"vat-full-2","value":12.0,"type":"Percentage"},"animalFoodData":{},"fromSweden":false,"availableOnline":true,"isMagazine":false,"nutrientBasis":{},"originCountry":{"code":"SPAIN","value":"Spanien"},"replacementCountries":[],"class":"Klass 1","pharmaceuticalData":{"isPharmaceutical":false},"sustainabilityInfoApplicable":true},{"id":"4260370955034","type":"Product","ean":"4260370955034","name":"Druvor Gröna","imageUrl":"http://res.cloudinary.com/coopsverige/image/upload/v1719994898/cloud/369616.tiff","navCategories":[{"code":"32494","name":"Druvor","superCategories":[{"code":"32484","name":"Frukt & bär","superCategories":[{"code":"16534","name":"Frukt & Grönsaker","superCategories":[]}]}]}],"packageSizeInformation":"500 g","salesPrice":36.95,"salesPriceData":{"b2cPrice":36.95,"b2bPrice":32.99},"piecePrice":36.95,"piecePriceData":{"b2cPrice":36.95,"b2bPrice":32.99},"salesUnit":"Styck","comparativePriceText":"kr/kg","comparativePrice":73.9,"comparativePriceData":{"b2cPrice":73.9,"b2bPrice":65.98},"articleSold":false,"deposit":0.0,"depositData":{"b2cPrice":0.0,"b2bPrice":0.0},"vat":{"code":"vat-full-2","value":12.0,"type":"Percentage"},"animalFoodData":{},"fromSweden":false,"availableOnline":true,"isMagazine":false,"nutrientBasis":{},"originCountry":{"code":"SPAIN","value":"Spanien"},"replacementCountries":[],"variety":"Superior","class":"Klass 1","pharmaceuticalData":{"isPharmaceutical":false},"sustainabilityInfoApplicable":true},{"id":"7323130119552","type":"Product","ean":"7323130119552","name":"Kruspersilja","imageUrl":"http://res.cloudinary.com/coopsverige/image/upload/v1730889380/cloud/400221.jpg","navCategories":[{"code":"334462","name":"Färska örter & Smaksättare","superCategories":[{"code":"32361","name":"Grönsaker","superCategories":[{"code":"16534","name":"Frukt & Grönsaker","superCategories":[]}]}]}],"packageSizeInformation":"20 g","salesPrice":12.95,"salesPriceData":{"b2cPrice":12.95,"b2bPrice":11.56},"piecePrice":12.95,"piecePriceData":{"b2cPrice":12.95,"b2bPrice":11.56},"salesUnit":"Styck","comparativePriceText":"kr/kg","comparativePrice":647.5,"comparativePriceData":{"b2cPrice":647.5,"b2bPrice":578.13},"articleSold":false,"deposit":0.0,"depositData":{"b2cPrice":0.0,"b2bPrice":0.0},"vat":{"code":"vat-full-2","value":12.0,"type":"Percentage"},"animalFoodData":{},"onlinePromotions":[{"id":"016001_35081","price":22.0,"priceData":{"b2cPrice":22.0,"b2bPrice":19.64},"startDate":"2025-07-06T22:00:00Z","endDate":"2025-07-13T22:00:00Z","message":"FÄRSKA ÖRTER FLOW 2 FÖR-2 för 22:-","type":"MULTI_BUY_FIXED_PRICE","numberOfProductRequired":2,"medMeraRequired":false,"priority":910,"comparativePrice":{"b2cPrice":550.0,"b2bPrice":491.07},"higherThanHistoricalPrice":false}],"fromSweden":false,"availableOnline":true,"isMagazine":false,"nutrientBasis":{},"originCountry":{"code":"SPAIN","value":"Spanien"},"replacementCountries":[],"pharmaceuticalData":{"isPharmaceutical":false},"sustainabilityInfoApplicable":true},{"id":"7340011406938","type":"Product","ean":"7340011406938","name":"Koriander Eko","manufacturerName":"Änglamark","imageUrl":"http://res.cloudinary.com/coopsverige/image/upload/v1634124323/cloud/236494.tiff","navCategories":[{"code":"334462","name":"Färska örter & Smaksättare","superCategories":[{"code":"32361","name":"Grönsaker","superCategories":[{"code":"16534","name":"Frukt & Grönsaker","superCategories":[]}]}]}],"accreditedTags":[{"code":"NYCKELHALET","description":"Nyckelhålet","imageUrl":"https://res.cloudinary.com/coopsverige/image/upload/v1618910221/cooponline/Labels%27/nyckelhal_RGB.png","priority":240},{"code":"EU_ORGANIC_FARMING","description":"EU Ekologiskt jordbruk","imageUrl":"https://res.cloudinary.com/coopsverige/image/upload/cooponline/produktmarkning/EUOrganicFarmingLogo.jpg","priority":210},{"code":"KRAV_MARK","description":"KRAV-märkt","imageUrl":"https://res.cloudinary.com/coopsverige/image/upload/cooponline/produktmarkning/KRAVLogo.svg","priority":330}],"packageSize":35.0,"packageSizeInformation":"35 gram","packageSizeUnit":"Gram","salesPrice":21.95,"salesPriceData":{"b2cPrice":21.95,"b2bPrice":19.6},"piecePrice":21.95,"piecePriceData":{"b2cPrice":21.95,"b2bPrice":19.6},"salesUnit":"Styck","comparativePriceText":"kr/kg","comparativePrice":627.14,"comparativePriceData":{"b2cPrice":627.14,"b2bPrice":559.95},"articleSold":false,"deposit":0.0,"depositData":{"b2cPrice":0.0,"b2bPrice":0.0},"vat":{"code":"vat-full-2","value":12.0,"type":"Percentage"},"animalFoodData":{},"onlinePromotions":[{"id":"016001_34498","price":40.0,"priceData":{"b2cPrice":40.0,"b2bPrice":35.71},"startDate":"2025-06-15T22:00:00Z","endDate":"2025-08-03T22:00:00Z","message":"KRYDDOR 2 FÖR 40 KR-2 för 40:-","type":"MULTI_BUY_FIXED_PRICE","numberOfProductRequired":2,"medMeraRequired":false,"priority":910,"comparativePrice":{"b2cPrice":571.43,"b2bPrice":510.21},"higherThanHistoricalPrice":false}],"fromSweden":false,"availableOnline":true,"isMagazine":false,"nutrientBasis":{},"originCountry":{"code":"SWEDEN","value":"Sverige"},"replacementCountries":[],"pharmaceuticalData":{"isPharmaceutical":false},"sustainabilityInfoApplicable":true},{"id":"2317305300000","type":"Product","ean":"2317305300000","name":"Palsternacka","description":"Produkten varierar något i storlek och vikt. När du handlar hos oss visar vi en uppskattad vikt för varan och ett pris baserat på kilopriset. Ni debiteras efter vi plockat ihop era varor den verkliga vikten.<br> Vi garanterar att du alltid betalar för varans verkliga vikt.","imageUrl":"http://res.cloudinary.com/coopsverige/image/upload/v1440062509/49586.tiff","navCategories":[{"code":"32472","name":"Övriga Rotfrukter","superCategories":[{"code":"32361","name":"Grönsaker","superCategories":[{"code":"16534","name":"Frukt & Grönsaker","superCategories":[]}]}]}],"packageSize":200.0,"packageSizeInformation":"200 gram ungefärlig vikt","packageSizeUnit":"gram ungefärlig vikt","pieceWeight":0.2,"salesPrice":34.95,"salesPriceData":{"b2cPrice":34.95,"b2bPrice":31.21},"piecePrice":6.99,"piecePriceData":{"b2cPrice":6.99,"b2bPrice":6.24},"salesUnit":"Vikt","comparativePriceText":"kr/kg","comparativePrice":34.95,"comparativePriceData":{"b2cPrice":34.95,"b2bPrice":31.21},"articleSold":false,"deposit":0.0,"depositData":{"b2cPrice":0.0,"b2bPrice":0.0},"vat":{"code":"vat-full-2","value":12.0,"type":"Percentage"},"animalFoodData":{},"fromSweden":false,"availableOnline":true,"isMagazine":false,"nutrientBasis":{},"originCountry":{"code":"SWEDEN","value":"Sverige"},"replacementCountries":[],"class":"Klass 1","sustainabilityInfo":[{"productScore":[{"score":4.0,"param":"Biologisk mångfald","paramId":"biodiversity"},{"score":1.0,"param":"Klimat","paramId":"climate"},{"score":3.0,"param":"Bördighet","paramId":"soil_fertility"},{"score":1.0,"param":"Vatten","paramId":"water"},{"score":2.0,"param":"Bekämpningsmedel","paramId":"pesticides"},{"score":3.0,"param":"Övergödning","paramId":"eutrophication"},{"score":null,"param":"Djuromsorg och antibiotika","paramId":"animal_welfare_antibiotics"},{"score":2.0,"param":"Arbetsförhållanden","paramId":"working_conditions"},{"score":1.0,"param":"Lokalbefolkning","paramId":"local_population"},{"score":0.5,"param":"Lagefterlevnad och spårbarhet","paramId":"compliance_traceability"}]}],"sustainabilityInfoApplicable":true},{"id":"7300156593238","type":"Product","ean":"7300156593238","name":"Peppar Grön","imageUrl":"http://res.cloudinary.com/coopsverige/image/upload/v1680000392/cloud/278289.tiff","navCategories":[{"code":"334462","name":"Färska örter & Smaksättare","superCategories":[{"code":"32361","name":"Grönsaker","superCategories":[{"code":"16534","name":"Frukt & Grönsaker","superCategories":[]}]}]}],"packageSize":25.0,"packageSizeInformation":"25 gram ungefärlig vikt","packageSizeUnit":"gram ungefärlig vikt","pieceWeight":0.025,"salesPrice":4.95,"salesPriceData":{"b2cPrice":4.95,"b2bPrice":4.42},"piecePrice":4.95,"piecePriceData":{"b2cPrice":4.95,"b2bPrice":4.42},"salesUnit":"Styck","comparativePriceText":"kr/kg","comparativePrice":198.0,"comparativePriceData":{"b2cPrice":198.0,"b2bPrice":176.79},"articleSold":false,"deposit":0.0,"depositData":{"b2cPrice":0.0,"b2bPrice":0.0},"vat":{"code":"vat-full-2","value":12.0,"type":"Percentage"},"animalFoodData":{},"onlinePromotions":[{"id":"016001_35080","price":12.0,"priceData":{"b2cPrice":12.0,"b2bPrice":10.71},"startDate":"2025-07-06T22:00:00Z","endDate":"2025-07-13T22:00:00Z","message":"PEPPAR RÖD & GRÖN 3 FÖR-3 för 12:-","type":"MULTI_BUY_FIXED_PRICE","numberOfProductRequired":3,"medMeraRequired":false,"priority":910,"comparativePrice":{"b2cPrice":160.0,"b2bPrice":142.86},"higherThanHistoricalPrice":false}],"fromSweden":false,"availableOnline":true,"isMagazine":false,"nutrientBasis":{},"originCountry":{"code":"SPAIN","value":"Spanien"},"replacementCountries":[],"class":"Klass 1","pharmaceuticalData":{"isPharmaceutical":false},"sustainabilityInfoApplicable":true},{"id":"2317474700007","type":"Product","ean":"2317474700007","name":"Kålrot Hel","description":"Produkten varierar något i storlek och vikt. När du handlar hos oss visar vi en uppskattad vikt för varan och ett pris baserat på kilopriset. Ni debiteras efter vi plockat ihop era varor den verkliga vikten.<br> Vi garanterar att du alltid betalar för varans verkliga vikt.","imageUrl":"http://res.cloudinary.com/coopsverige/image/upload/v1440063258/49701.tiff","navCategories":[{"code":"32472","name":"Övriga Rotfrukter","superCategories":[{"code":"32361","name":"Grönsaker","superCategories":[{"code":"16534","name":"Frukt & Grönsaker","superCategories":[]}]}]}],"packageSize":800.0,"packageSizeInformation":"800 gram ungefärlig vikt","packageSizeUnit":"gram ungefärlig vikt","pieceWeight":0.8,"salesPrice":29.95,"salesPriceData":{"b2cPrice":29.95,"b2bPrice":26.74},"piecePrice":23.96,"piecePriceData":{"b2cPrice":23.96,"b2bPrice":21.39},"salesUnit":"Vikt","comparativePriceText":"kr/kg","comparativePrice":29.95,"comparativePriceData":{"b2cPrice":29.95,"b2bPrice":26.74},"articleSold":false,"deposit":0.0,"depositData":{"b2cPrice":0.0,"b2bPrice":0.0},"vat":{"code":"vat-full-2","value":12.0,"type":"Percentage"},"animalFoodData":{},"fromSweden":false,"availableOnline":true,"isMagazine":false,"nutrientBasis":{},"originCountry":{"code":"SWEDEN","value":"Sverige"},"replacementCountries":[],"class":"Klass 1","pharmaceuticalData":{"isPharmaceutical":false},"sustainabilityInfo":[{"productScore":[{"score":2.0,"param":"Biologisk mångfald","paramId":"biodiversity"},{"score":1.0,"param":"Klimat","paramId":"climate"},{"score":1.5,"param":"Bördighet","paramId":"soil_fertility"},{"score":2.0,"param":"Vatten","paramId":"water"},{"score":2.0,"param":"Bekämpningsmedel","paramId":"pesticides"},{"score":2.0,"param":"Övergödning","paramId":"eutrophication"},{"score":null,"param":"Djuromsorg och antibiotika","paramId":"animal_welfare_antibiotics"},{"score":2.0,"param":"Arbetsförhållanden","paramId":"working_conditions"},{"score":1.5,"param":"Lokalbefolkning","paramId":"local_population"},{"score":1.0,"param":"Lagefterlevnad och spårbarhet","paramId":"compliance_traceability"}]}],"sustainabilityInfoApplicable":true},{"id":"7300156599872","type":"Product","ean":"7300156599872","name":"Gräslök","manufacturerName":"COOP","imageUrl":"http://res.cloudinary.com/coopsverige/image/upload/v1749108744/cloud/486703.jpg","navCategories":[{"code":"334462","name":"Färska örter & Smaksättare","superCategories":[{"code":"32361","name":"Grönsaker","superCategories":[{"code":"16534","name":"Frukt & Grönsaker","superCategories":[]}]}]}],"packageSize":20.0,"packageSizeInformation":"20 gram","packageSizeUnit":"Gram","salesPrice":12.95,"salesPriceData":{"b2cPrice":12.95,"b2bPrice":11.56},"piecePrice":12.95,"piecePriceData":{"b2cPrice":12.95,"b2bPrice":11.56},"salesUnit":"Styck","comparativePriceText":"kr/kg","comparativePrice":647.5,"comparativePriceData":{"b2cPrice":647.5,"b2bPrice":578.13},"articleSold":false,"deposit":0.0,"depositData":{"b2cPrice":0.0,"b2bPrice":0.0},"vat":{"code":"vat-full-2","value":12.0,"type":"Percentage"},"animalFoodData":{},"onlinePromotions":[{"id":"016001_35081","price":22.0,"priceData":{"b2cPrice":22.0,"b2bPrice":19.64},"startDate":"2025-07-06T22:00:00Z","endDate":"2025-07-13T22:00:00Z","message":"FÄRSKA ÖRTER FLOW 2 FÖR-2 för 22:-","type":"MULTI_BUY_FIXED_PRICE","numberOfProductRequired":2,"medMeraRequired":false,"priority":910,"comparativePrice":{"b2cPrice":550.0,"b2bPrice":491.07},"higherThanHistoricalPrice":false}],"fromSweden":false,"availableOnline":true,"isMagazine":false,"nutrientBasis":{},"originCountry":{"code":"SWEDEN","value":"Sverige"},"replacementCountries":[],"pharmaceuticalData":{"isPharmaceutical":false},"sustainabilityInfoApplicable":true},{"id":"2317457500006","type":"Product","ean":"2317457500006","name":"Rotselleri","description":"Produkten varierar något i storlek och vikt. När du handlar hos oss visar vi en uppskattad vikt för varan och ett pris baserat på kilopriset. Ni debiteras efter vi plockat ihop era varor den verkliga vikten.<br> Vi garanterar att du alltid betalar för varans verkliga vikt.","imageUrl":"http://res.cloudinary.com/coopsverige/image/upload/v1440062450/49579.tiff","navCategories":[{"code":"32472","name":"Övriga Rotfrukter","superCategories":[{"code":"32361","name":"Grönsaker","superCategories":[{"code":"16534","name":"Frukt & Grönsaker","superCategories":[]}]}]}],"packageSize":350.0,"packageSizeInformation":"350 gram ungefärlig vikt","packageSizeUnit":"gram ungefärlig vikt","pieceWeight":0.35,"salesPrice":39.95,"salesPriceData":{"b2cPrice":39.95,"b2bPrice":35.67},"piecePrice":13.98,"piecePriceData":{"b2cPrice":13.98,"b2bPrice":12.48},"salesUnit":"Vikt","comparativePriceText":"kr/kg","comparativePrice":39.95,"comparativePriceData":{"b2cPrice":39.95,"b2bPrice":35.67},"articleSold":false,"deposit":0.0,"depositData":{"b2cPrice":0.0,"b2bPrice":0.0},"vat":{"code":"vat-full-2","value":12.0,"type":"Percentage"},"animalFoodData":{},"fromSweden":false,"availableOnline":true,"isMagazine":false,"nutrientBasis":{},"originCountry":{"code":"SWEDEN","value":"Sverige"},"replacementCountries":[],"class":"Klass 1","pharmaceuticalData":{"isPharmaceutical":false},"sustainabilityInfo":[{"productScore":[{"score":2.0,"param":"Biologisk mångfald","paramId":"biodiversity"},{"score":1.0,"param":"Klimat","paramId":"climate"},{"score":2.5,"param":"Bördighet","paramId":"soil_fertility"},{"score":1.5,"param":"Vatten","paramId":"water"},{"score":2.0,"param":"Bekämpningsmedel","paramId":"pesticides"},{"score":2.0,"param":"Övergödning","paramId":"eutrophication"},{"score":null,"param":"Djuromsorg och antibiotika","paramId":"animal_welfare_antibiotics"},{"score":1.0,"param":"Arbetsförhållanden","paramId":"working_conditions"},{"score":1.0,"param":"Lokalbefolkning","paramId":"local_population"},{"score":1.0,"param":"Lagefterlevnad och spårbarhet","paramId":"compliance_traceability"}]}],"sustainabilityInfoApplicable":true},{"id":"7340007928536","type":"Product","ean":"7340007928536","name":"Chillimix Peppar","imageUrl":"http://res.cloudinary.com/coopsverige/image/upload/v1726576893/cloud/386382.jpg","navCategories":[{"code":"334462","name":"Färska örter & Smaksättare","superCategories":[{"code":"32361","name":"Grönsaker","superCategories":[{"code":"16534","name":"Frukt & Grönsaker","superCategories":[]}]}]}],"packageSizeInformation":"50 g","salesPrice":20.0,"salesPriceData":{"b2cPrice":20.0,"b2bPrice":17.86},"piecePrice":20.0,"piecePriceData":{"b2cPrice":20.0,"b2bPrice":17.86},"salesUnit":"Styck","comparativePriceText":"kr/kg","comparativePrice":400.0,"comparativePriceData":{"b2cPrice":400.0,"b2bPrice":357.14},"articleSold":false,"deposit":0.0,"depositData":{"b2cPrice":0.0,"b2bPrice":0.0},"vat":{"code":"vat-full-2","value":12.0,"type":"Percentage"},"animalFoodData":{},"fromSweden":false,"availableOnline":true,"isMagazine":false,"nutrientBasis":{},"originCountry":{"code":"THE NETHERLANDS","value":"Nederländerna"},"replacementCountries":[],"pharmaceuticalData":{"isPharmaceutical":false},"sustainabilityInfo":[{"productScore":[{"score":2.0,"param":"Biologisk mångfald","paramId":"biodiversity"},{"score":2.0,"param":"Klimat","paramId":"climate"},{"score":1.0,"param":"Bördighet","paramId":"soil_fertility"},{"score":2.0,"param":"Vatten","paramId":"water"},{"score":2.0,"param":"Bekämpningsmedel","paramId":"pesticides"},{"score":2.0,"param":"Övergödning","paramId":"eutrophication"},{"score":null,"param":"Djuromsorg och antibiotika","paramId":"animal_welfare_antibiotics"},{"score":1.0,"param":"Arbetsförhållanden","paramId":"working_conditions"},{"score":1.0,"param":"Lokalbefolkning","paramId":"local_population"},{"score":1.0,"param":"Lagefterlevnad och spårbarhet","paramId":"compliance_traceability"}]}],"sustainabilityInfoApplicable":true},{"id":"7323130119682","type":"Product","ean":"7323130119682","name":"Bladpersilja","imageUrl":"http://res.cloudinary.com/coopsverige/image/upload/v1730292968/cloud/398137.png","navCategories":[{"code":"334462","name":"Färska örter & Smaksättare","superCategories":[{"code":"32361","name":"Grönsaker","superCategories":[{"code":"16534","name":"Frukt & Grönsaker","superCategories":[]}]}]}],"packageSize":50.0,"packageSizeInformation":"50 g","packageSizeUnit":"Gram","salesPrice":12.95,"salesPriceData":{"b2cPrice":12.95,"b2bPrice":11.56},"piecePrice":12.95,"piecePriceData":{"b2cPrice":12.95,"b2bPrice":11.56},"salesUnit":"Styck","comparativePriceText":"kr/kg","comparativePrice":259.0,"comparativePriceData":{"b2cPrice":259.0,"b2bPrice":231.25},"articleSold":false,"deposit":0.0,"depositData":{"b2cPrice":0.0,"b2bPrice":0.0},"vat":{"code":"vat-full-2","value":12.0,"type":"Percentage"},"animalFoodData":{},"fromSweden":false,"availableOnline":true,"isMagazine":false,"nutrientBasis":{},"originCountry":{"code":"SWEDEN","value":"Sverige"},"replacementCountries":[],"pharmaceuticalData":{"isPharmaceutical":false},"sustainabilityInfoApplicable":true},{"id":"2317462500008","type":"Product","ean":"2317462500008","name":"Pepparrot","description":"Produkten varierar något i storlek och vikt. När du handlar hos oss visar vi en uppskattad vikt för varan och ett pris baserat på kilopriset. Ni debiteras efter vi plockat ihop era varor den verkliga vikten.<br> Vi garanterar att du alltid betalar för varans verkliga vikt.","imageUrl":"http://res.cloudinary.com/coopsverige/image/upload/v1749559003/cloud/487404.jpg","navCategories":[{"code":"32472","name":"Övriga Rotfrukter","superCategories":[{"code":"32361","name":"Grönsaker","superCategories":[{"code":"16534","name":"Frukt & Grönsaker","superCategories":[]}]}]}],"packageSize":120.0,"packageSizeInformation":"120 gram ungefärlig vikt","packageSizeUnit":"gram ungefärlig vikt","pieceWeight":0.12,"salesPrice":129.0,"salesPriceData":{"b2cPrice":129.0,"b2bPrice":115.18},"piecePrice":15.48,"piecePriceData":{"b2cPrice":15.48,"b2bPrice":13.82},"salesUnit":"Vikt","comparativePriceText":"kr/kg","comparativePrice":129.0,"comparativePriceData":{"b2cPrice":129.0,"b2bPrice":115.18},"articleSold":false,"deposit":0.0,"depositData":{"b2cPrice":0.0,"b2bPrice":0.0},"vat":{"code":"vat-full-2","value":12.0,"type":"Percentage"},"animalFoodData":{},"fromSweden":false,"availableOnline":true,"isMagazine":false,"nutrientBasis":{},"originCountry":{"code":"HUNGARY","value":"Ungern"},"replacementCountries":[],"class":"Klass 1","pharmaceuticalData":{"isPharmaceutical":false},"sustainabilityInfo":[{"productScore":[{"score":2.0,"param":"Biologisk mångfald","paramId":"biodiversity"},{"score":1.0,"param":"Klimat","paramId":"climate"},{"score":2.0,"param":"Bördighet","paramId":"soil_fertility"},{"score":2.0,"param":"Vatten","paramId":"water"},{"score":2.0,"param":"Bekämpningsmedel","paramId":"pesticides"},{"score":2.0,"param":"Övergödning","paramId":"eutrophication"},{"score":null,"param":"Djuromsorg och antibiotika","paramId":"animal_welfare_antibiotics"},{"score":3.0,"param":"Arbetsförhållanden","paramId":"working_conditions"},{"score":3.0,"param":"Lokalbefolkning","paramId":"local_population"},{"score":4.0,"param":"Lagefterlevnad och spårbarhet","paramId":"compliance_traceability"}]}],"sustainabilityInfoApplicable":true},{"id":"7331353555552","type":"Product","ean":"7331353555552","name":"Soppmix","imageUrl":"http://res.cloudinary.com/coopsverige/image/upload/v1633445532/cloud/235770.tiff","listOfIngredients":"Morot 50%  Rotselleri 20%  Palsternacka 20%  Purjolök 10%","navCategories":[{"code":"32472","name":"Övriga Rotfrukter","superCategories":[{"code":"32361","name":"Grönsaker","superCategories":[{"code":"16534","name":"Frukt & Grönsaker","superCategories":[]}]}]}],"packageSize":500.0,"packageSizeInformation":"500 g","packageSizeUnit":"Gram","salesPrice":26.95,"salesPriceData":{"b2cPrice":26.95,"b2bPrice":24.06},"piecePrice":26.95,"piecePriceData":{"b2cPrice":26.95,"b2bPrice":24.06},"salesUnit":"Styck","comparativePriceText":"kr/kg","comparativePrice":53.9,"comparativePriceData":{"b2cPrice":53.9,"b2bPrice":48.13},"articleSold":false,"deposit":0.0,"depositData":{"b2cPrice":0.0,"b2bPrice":0.0},"vat":{"code":"vat-full-2","value":12.0,"type":"Percentage"},"animalFoodData":{},"fromSweden":false,"availableOnline":true,"isMagazine":false,"nutrientBasis":{},"originCountry":{"code":"SWEDEN","value":"Sverige"},"replacementCountries":[],"class":"Klass 1","pharmaceuticalData":{"isPharmaceutical":false},"sustainabilityInfoApplicable":true},{"id":"7340007928512","type":"Product","ean":"7340007928512","name":"Jalapeño Grön","imageUrl":"http://res.cloudinary.com/coopsverige/image/upload/v1725957863/cloud/384493.jpg","navCategories":[{"code":"334462","name":"Färska örter & Smaksättare","superCategories":[{"code":"32361","name":"Grönsaker","superCategories":[{"code":"16534","name":"Frukt & Grönsaker","superCategories":[]}]}]}],"packageSizeInformation":"50 g","salesPrice":20.0,"salesPriceData":{"b2cPrice":20.0,"b2bPrice":17.86},"piecePrice":20.0,"piecePriceData":{"b2cPrice":20.0,"b2bPrice":17.86},"salesUnit":"Styck","comparativePriceText":"kr/kg","comparativePrice":400.0,"comparativePriceData":{"b2cPrice":400.0,"b2bPrice":357.14},"articleSold":false,"deposit":0.0,"depositData":{"b2cPrice":0.0,"b2bPrice":0.0},"vat":{"code":"vat-full-2","value":12.0,"type":"Percentage"},"animalFoodData":{},"fromSweden":false,"availableOnline":true,"isMagazine":false,"nutrientBasis":{},"originCountry":{"code":"THE NETHERLANDS","value":"Nederländerna"},"replacementCountries":[],"class":"Klass 1","pharmaceuticalData":{"isPharmaceutical":false},"sustainabilityInfo":[{"productScore":[{"score":2.0,"param":"Biologisk mångfald","paramId":"biodiversity"},{"score":2.0,"param":"Klimat","paramId":"climate"},{"score":1.0,"param":"Bördighet","paramId":"soil_fertility"},{"score":2.0,"param":"Vatten","paramId":"water"},{"score":2.0,"param":"Bekämpningsmedel","paramId":"pesticides"},{"score":2.0,"param":"Övergödning","paramId":"eutrophication"},{"score":null,"param":"Djuromsorg och antibiotika","paramId":"animal_welfare_antibiotics"},{"score":1.0,"param":"Arbetsförhållanden","paramId":"working_conditions"},{"score":1.0,"param":"Lokalbefolkning","paramId":"local_population"},{"score":1.0,"param":"Lagefterlevnad och spårbarhet","paramId":"compliance_traceability"}]}],"sustainabilityInfoApplicable":true},{"id":"7300156577511","type":"Product","ean":"7300156577511","name":"Gulbeta Eko","description":"Produkten varierar något i storlek och vikt. När du handlar hos oss visar vi en uppskattad vikt för varan och ett pris baserat på kilopriset. Ni debiteras efter vi plockat ihop era varor den verkliga vikten. Vi garanterar att du alltid betalar för varans verkliga vikt.","imageUrl":"http://res.cloudinary.com/coopsverige/image/upload/v1556783327/371653.tiff","navCategories":[{"code":"32472","name":"Övriga Rotfrukter","superCategories":[{"code":"32361","name":"Grönsaker","superCategories":[{"code":"16534","name":"Frukt & Grönsaker","superCategories":[]}]}]}],"accreditedTags":[{"code":"KRAV_MARK","description":"KRAV-märkt","imageUrl":"https://res.cloudinary.com/coopsverige/image/upload/cooponline/produktmarkning/KRAVLogo.svg","priority":330}],"packageSize":400.0,"packageSizeInformation":"400 g","packageSizeUnit":"Gram","salesPrice":19.95,"salesPriceData":{"b2cPrice":19.95,"b2bPrice":17.81},"piecePrice":19.95,"piecePriceData":{"b2cPrice":19.95,"b2bPrice":17.81},"salesUnit":"Styck","comparativePriceText":"kr/kg","comparativePrice":49.88,"comparativePriceData":{"b2cPrice":49.88,"b2bPrice":44.54},"articleSold":false,"deposit":0.0,"depositData":{"b2cPrice":0.0,"b2bPrice":0.0},"vat":{"code":"vat-full-2","value":12.0,"type":"Percentage"},"animalFoodData":{},"fromSweden":false,"availableOnline":true,"isMagazine":false,"nutrientBasis":{},"originCountry":{"code":"SWEDEN","value":"Sverige"},"replacementCountries":[],"class":"Klass 1","pharmaceuticalData":{"isPharmaceutical":false},"sustainabilityInfo":[{"productScore":[{"score":1.0,"param":"Biologisk mångfald","paramId":"biodiversity"},{"score":1.0,"param":"Klimat","paramId":"climate"},{"score":1.0,"param":"Bördighet","paramId":"soil_fertility"},{"score":1.0,"param":"Vatten","paramId":"water"},{"score":1.0,"param":"Bekämpningsmedel","paramId":"pesticides"},{"score":1.0,"param":"Övergödning","paramId":"eutrophication"},{"score":null,"param":"Djuromsorg och antibiotika","paramId":"animal_welfare_antibiotics"},{"score":1.0,"param":"Arbetsförhållanden","paramId":"working_conditions"},{"score":1.0,"param":"Lokalbefolkning","paramId":"local_population"},{"score":1.0,"param":"Lagefterlevnad och spårbarhet","paramId":"compliance_traceability"}]}],"sustainabilityInfoApplicable":true},{"id":"2317474300009","type":"Product","ean":"2317474300009","name":"Rättika Vit","description":"Produkten varierar något i storlek och vikt. När du handlar hos oss visar vi en uppskattad vikt för varan och ett pris baserat på kilopriset. Ni debiteras efter vi plockat ihop era varor den verkliga vikten.<br> Vi garanterar att du alltid betalar för varans verkliga vikt.","imageUrl":"http://res.cloudinary.com/coopsverige/image/upload/v1440063249/49699.tiff","navCategories":[{"code":"32472","name":"Övriga Rotfrukter","superCategories":[{"code":"32361","name":"Grönsaker","superCategories":[{"code":"16534","name":"Frukt & Grönsaker","superCategories":[]}]}]}],"packageSize":1000.0,"packageSizeInformation":"1000 gram ungefärlig vikt","packageSizeUnit":"gram ungefärlig vikt","pieceWeight":1.0,"salesPrice":29.95,"salesPriceData":{"b2cPrice":29.95,"b2bPrice":26.74},"piecePrice":29.95,"piecePriceData":{"b2cPrice":29.95,"b2bPrice":26.74},"salesUnit":"Vikt","comparativePriceText":"kr/kg","comparativePrice":29.95,"comparativePriceData":{"b2cPrice":29.95,"b2bPrice":26.74},"articleSold":false,"deposit":0.0,"depositData":{"b2cPrice":0.0,"b2bPrice":0.0},"vat":{"code":"vat-full-2","value":12.0,"type":"Percentage"},"animalFoodData":{},"fromSweden":false,"availableOnline":true,"isMagazine":false,"nutrientBasis":{},"originCountry":{"code":"SWEDEN","value":"Sverige"},"replacementCountries":[],"class":"Klass 1","sustainabilityInfo":[{"productScore":[{"score":2.0,"param":"Biologisk mångfald","paramId":"biodiversity"},{"score":1.0,"param":"Klimat","paramId":"climate"},{"score":2.0,"param":"Bördighet","paramId":"soil_fertility"},{"score":2.0,"param":"Vatten","paramId":"water"},{"score":2.0,"param":"Bekämpningsmedel","paramId":"pesticides"},{"score":2.0,"param":"Övergödning","paramId":"eutrophication"},{"score":null,"param":"Djuromsorg och antibiotika","paramId":"animal_welfare_antibiotics"},{"score":2.0,"param":"Arbetsförhållanden","paramId":"working_conditions"},{"score":3.0,"param":"Lokalbefolkning","paramId":"local_population"},{"score":2.5,"param":"Lagefterlevnad och spårbarhet","paramId":"compliance_traceability"}]}],"sustainabilityInfoApplicable":true},{"id":"8713037210428","type":"Product","ean":"8713037210428","name":"Gurkmeja Eko","description":"Produkten varierar något i storlek och vikt. När du handlar hos oss visar vi en uppskattad vikt för varan och ett pris baserat på kilopriset. Ni debiteras efter vi plockat ihop era varor den verkliga vikten. Vi garanterar att du alltid betalar för varans verkliga vikt.","imageUrl":"http://res.cloudinary.com/coopsverige/image/upload/v1630331511/cloud/233166.tiff","navCategories":[{"code":"334462","name":"Färska örter & Smaksättare","superCategories":[{"code":"32361","name":"Grönsaker","superCategories":[{"code":"16534","name":"Frukt & Grönsaker","superCategories":[]}]}]}],"accreditedTags":[{"code":"EU_ORGANIC_FARMING","description":"EU Ekologiskt jordbruk","imageUrl":"https://res.cloudinary.com/coopsverige/image/upload/cooponline/produktmarkning/EUOrganicFarmingLogo.jpg","priority":210}],"packageSize":50.0,"packageSizeInformation":"50 gram ungefärlig vikt","packageSizeUnit":"gram ungefärlig vikt","pieceWeight":0.05,"salesPrice":12.95,"salesPriceData":{"b2cPrice":12.95,"b2bPrice":11.56},"piecePrice":12.95,"piecePriceData":{"b2cPrice":12.95,"b2bPrice":11.56},"salesUnit":"Styck","comparativePriceText":"kr/kg","comparativePrice":259.0,"comparativePriceData":{"b2cPrice":259.0,"b2bPrice":231.25},"articleSold":false,"deposit":0.0,"depositData":{"b2cPrice":0.0,"b2bPrice":0.0},"vat":{"code":"vat-full-2","value":12.0,"type":"Percentage"},"animalFoodData":{},"fromSweden":false,"availableOnline":true,"isMagazine":false,"nutrientBasis":{},"originCountry":{"code":"PERU","value":"Peru"},"replacementCountries":[],"pharmaceuticalData":{"isPharmaceutical":false},"sustainabilityInfo":[{"productScore":[{"score":2.0,"param":"Biologisk mångfald","paramId":"biodiversity"},{"score":1.0,"param":"Klimat","paramId":"climate"},{"score":2.0,"param":"Bördighet","paramId":"soil_fertility"},{"score":2.0,"param":"Vatten","paramId":"water"},{"score":2.0,"param":"Bekämpningsmedel","paramId":"pesticides"},{"score":2.0,"param":"Övergödning","paramId":"eutrophication"},{"score":null,"param":"Djuromsorg och antibiotika","paramId":"animal_welfare_antibiotics"},{"score":3.5,"param":"Arbetsförhållanden","paramId":"working_conditions"},{"score":5.0,"param":"Lokalbefolkning","paramId":"local_population"},{"score":4.0,"param":"Lagefterlevnad och spårbarhet","paramId":"compliance_traceability"}]}],"sustainabilityInfoApplicable":true},{"id":"7331398010214","type":"Product","ean":"7331398010214","name":"Rödbetor","imageUrl":"http://res.cloudinary.com/coopsverige/image/upload/v1445559809/84098.jpg","navCategories":[{"code":"32472","name":"Övriga Rotfrukter","superCategories":[{"code":"32361","name":"Grönsaker","superCategories":[{"code":"16534","name":"Frukt & Grönsaker","superCategories":[]}]}]}],"packageSize":1000.0,"packageSizeInformation":"1000 gram ungefärlig vikt","packageSizeUnit":"gram ungefärlig vikt","pieceWeight":1.0,"salesPrice":26.95,"salesPriceData":{"b2cPrice":26.95,"b2bPrice":24.06},"piecePrice":26.95,"piecePriceData":{"b2cPrice":26.95,"b2bPrice":24.06},"salesUnit":"Styck","comparativePriceText":"kr/kg","comparativePrice":26.95,"comparativePriceData":{"b2cPrice":26.95,"b2bPrice":24.06},"articleSold":false,"deposit":0.0,"depositData":{"b2cPrice":0.0,"b2bPrice":0.0},"vat":{"code":"vat-full-2","value":12.0,"type":"Percentage"},"animalFoodData":{},"fromSweden":false,"availableOnline":true,"isMagazine":false,"nutrientBasis":{},"originCountry":{"code":"SPAIN","value":"Spanien"},"replacementCountries":[],"class":"Klass 1","pharmaceuticalData":{"isPharmaceutical":false},"sustainabilityInfoApplicable":true},{"id":"7340007910074","type":"Product","ean":"7340007910074","name":"Polkabeta","imageUrl":"http://res.cloudinary.com/coopsverige/image/upload/v1448873731/116245.tiff","navCategories":[{"code":"32472","name":"Övriga Rotfrukter","superCategories":[{"code":"32361","name":"Grönsaker","superCategories":[{"code":"16534","name":"Frukt & Grönsaker","superCategories":[]}]}]}],"packageSize":500.0,"packageSizeInformation":"500 g","packageSizeUnit":"Gram","salesPrice":17.95,"salesPriceData":{"b2cPrice":17.95,"b2bPrice":16.03},"piecePrice":17.95,"piecePriceData":{"b2cPrice":17.95,"b2bPrice":16.03},"salesUnit":"Styck","comparativePriceText":"kr/kg","comparativePrice":35.9,"comparativePriceData":{"b2cPrice":35.9,"b2bPrice":32.05},"articleSold":false,"deposit":0.0,"depositData":{"b2cPrice":0.0,"b2bPrice":0.0},"vat":{"code":"vat-full-2","value":12.0,"type":"Percentage"},"animalFoodData":{},"fromSweden":false,"availableOnline":true,"isMagazine":false,"nutrientBasis":{},"originCountry":{"code":"SWEDEN","value":"Sverige"},"replacementCountries":[],"class":"Klass 1","pharmaceuticalData":{"isPharmaceutical":false},"sustainabilityInfo":[{"productScore":[{"score":2.0,"param":"Biologisk mångfald","paramId":"biodiversity"},{"score":1.0,"param":"Klimat","paramId":"climate"},{"score":3.0,"param":"Bördighet","paramId":"soil_fertility"},{"score":1.0,"param":"Vatten","paramId":"water"},{"score":2.0,"param":"Bekämpningsmedel","paramId":"pesticides"},{"score":2.0,"param":"Övergödning","paramId":"eutrophication"},{"score":null,"param":"Djuromsorg och antibiotika","paramId":"animal_welfare_antibiotics"},{"score":1.0,"param":"Arbetsförhållanden","paramId":"working_conditions"},{"score":1.0,"param":"Lokalbefolkning","paramId":"local_population"},{"score":1.0,"param":"Lagefterlevnad och spårbarhet","paramId":"compliance_traceability"}]}],"sustainabilityInfoApplicable":true},{"id":"7340007910081","type":"Product","ean":"7340007910081","name":"Gulbetor","imageUrl":"http://res.cloudinary.com/coopsverige/image/upload/v1634638850/cloud/236959.jpg","navCategories":[{"code":"32472","name":"Övriga Rotfrukter","superCategories":[{"code":"32361","name":"Grönsaker","superCategories":[{"code":"16534","name":"Frukt & Grönsaker","superCategories":[]}]}]}],"packageSize":500.0,"packageSizeInformation":"500g","packageSizeUnit":"Gram","salesPrice":18.95,"salesPriceData":{"b2cPrice":18.95,"b2bPrice":16.92},"piecePrice":18.95,"piecePriceData":{"b2cPrice":18.95,"b2bPrice":16.92},"salesUnit":"Styck","comparativePriceText":"kr/kg","comparativePrice":37.9,"comparativePriceData":{"b2cPrice":37.9,"b2bPrice":33.84},"articleSold":false,"deposit":0.0,"depositData":{"b2cPrice":0.0,"b2bPrice":0.0},"vat":{"code":"vat-full-2","value":12.0,"type":"Percentage"},"animalFoodData":{},"fromSweden":false,"availableOnline":true,"isMagazine":false,"nutrientBasis":{},"originCountry":{"code":"SWEDEN","value":"Sverige"},"replacementCountries":[],"class":"Klass 1","pharmaceuticalData":{"isPharmaceutical":false},"sustainabilityInfo":[{"productScore":[{"score":2.0,"param":"Biologisk mångfald","paramId":"biodiversity"},{"score":1.0,"param":"Klimat","paramId":"climate"},{"score":3.0,"param":"Bördighet","paramId":"soil_fertility"},{"score":1.0,"param":"Vatten","paramId":"water"},{"score":2.0,"param":"Bekämpningsmedel","paramId":"pesticides"},{"score":2.0,"param":"Övergödning","paramId":"eutrophication"},{"score":null,"param":"Djuromsorg och antibiotika","paramId":"animal_welfare_antibiotics"},{"score":1.0,"param":"Arbetsförhållanden","paramId":"working_conditions"},{"score":1.0,"param":"Lokalbefolkning","paramId":"local_population"},{"score":1.0,"param":"Lagefterlevnad och spårbarhet","paramId":"compliance_traceability"}]}],"sustainabilityInfoApplicable":true},{"id":"4014071051157","type":"Product","ean":"4014071051157","name":"Ananas","imageUrl":"http://res.cloudinary.com/coopsverige/image/upload/v1637316684/cloud/207458.tiff","navCategories":[{"code":"334463","name":"Ananas","superCategories":[{"code":"32484","name":"Frukt & bär","superCategories":[{"code":"16534","name":"Frukt & Grönsaker","superCategories":[]}]}]}],"packageSize":1000.0,"packageSizeInformation":"1000 gram ungefärlig vikt","packageSizeUnit":"gram ungefärlig vikt","pieceWeight":1.0,"salesPrice":27.95,"salesPriceData":{"b2cPrice":27.95,"b2bPrice":24.96},"piecePrice":27.95,"piecePriceData":{"b2cPrice":27.95,"b2bPrice":24.96},"salesUnit":"Styck","comparativePriceText":"kr/kg","comparativePrice":1397.5,"comparativePriceData":{"b2cPrice":1397.5,"b2bPrice":1247.77},"articleSold":false,"deposit":0.0,"depositData":{"b2cPrice":0.0,"b2bPrice":0.0},"vat":{"code":"vat-full-2","value":12.0,"type":"Percentage"},"animalFoodData":{},"fromSweden":false,"availableOnline":true,"isMagazine":false,"nutrientBasis":{},"originCountry":{"code":"COSTA RICA","value":"Costa Rica"},"replacementCountries":[],"class":"Klass 1","pharmaceuticalData":{"isPharmaceutical":false},"sustainabilityInfoApplicable":true},{"id":"7331704031117","type":"Product","ean":"7331704031117","name":"Rödbetor Eko","imageUrl":"http://res.cloudinary.com/coopsverige/image/upload/v1687263527/cloud/283669.tiff","navCategories":[{"code":"32472","name":"Övriga Rotfrukter","superCategories":[{"code":"32361","name":"Grönsaker","superCategories":[{"code":"16534","name":"Frukt & Grönsaker","superCategories":[]}]}]}],"packageSizeInformation":"1 kg","salesPrice":34.95,"salesPriceData":{"b2cPrice":34.95,"b2bPrice":31.21},"piecePrice":34.95,"piecePriceData":{"b2cPrice":34.95,"b2bPrice":31.21},"salesUnit":"Styck","comparativePriceText":"kr/kg","comparativePrice":34.95,"comparativePriceData":{"b2cPrice":34.95,"b2bPrice":31.21},"articleSold":false,"deposit":0.0,"depositData":{"b2cPrice":0.0,"b2bPrice":0.0},"vat":{"code":"vat-full-2","value":12.0,"type":"Percentage"},"animalFoodData":{},"fromSweden":false,"availableOnline":true,"isMagazine":false,"nutrientBasis":{},"originCountry":{"code":"SWEDEN","value":"Sverige"},"replacementCountries":[],"class":"Klass 1","pharmaceuticalData":{"isPharmaceutical":false},"sustainabilityInfoApplicable":true},{"id":"7331353309995","type":"Product","ean":"7331353309995","name":"Palsternacka","imageUrl":"http://res.cloudinary.com/coopsverige/image/upload/v1747118091/cloud/477785.jpg","navCategories":[{"code":"32472","name":"Övriga Rotfrukter","superCategories":[{"code":"32361","name":"Grönsaker","superCategories":[{"code":"16534","name":"Frukt & Grönsaker","superCategories":[]}]}]}],"packageSizeInformation":"500 g","packageSizeUnit":"ST","salesPrice":13.95,"salesPriceData":{"b2cPrice":13.95,"b2bPrice":12.46},"piecePrice":13.95,"piecePriceData":{"b2cPrice":13.95,"b2bPrice":12.46},"salesUnit":"Styck","comparativePriceText":"kr/kg","comparativePrice":27.9,"comparativePriceData":{"b2cPrice":27.9,"b2bPrice":24.91},"articleSold":false,"deposit":0.0,"depositData":{"b2cPrice":0.0,"b2bPrice":0.0},"vat":{"code":"vat-full-2","value":12.0,"type":"Percentage"},"animalFoodData":{},"fromSweden":false,"availableOnline":true,"isMagazine":false,"nutrientBasis":{},"originCountry":{"code":"SWEDEN","value":"Sverige"},"replacementCountries":[],"class":"Klass 1","pharmaceuticalData":{"isPharmaceutical":false},"sustainabilityInfo":[{"productScore":[{"score":4.0,"param":"Biologisk mångfald","paramId":"biodiversity"},{"score":1.0,"param":"Klimat","paramId":"climate"},{"score":3.0,"param":"Bördighet","paramId":"soil_fertility"},{"score":1.0,"param":"Vatten","paramId":"water"},{"score":2.0,"param":"Bekämpningsmedel","paramId":"pesticides"},{"score":3.0,"param":"Övergödning","paramId":"eutrophication"},{"score":null,"param":"Djuromsorg och antibiotika","paramId":"animal_welfare_antibiotics"},{"score":1.0,"param":"Arbetsförhållanden","paramId":"working_conditions"},{"score":1.0,"param":"Lokalbefolkning","paramId":"local_population"},{"score":1.0,"param":"Lagefterlevnad och spårbarhet","paramId":"compliance_traceability"}]}],"sustainabilityInfoApplicable":true},{"id":"7340007909030","type":"Product","ean":"7340007909030","name":"Peppar Padron","imageUrl":"http://res.cloudinary.com/coopsverige/image/upload/v1578931294/390939.tiff","navCategories":[{"code":"334462","name":"Färska örter & Smaksättare","superCategories":[{"code":"32361","name":"Grönsaker","superCategories":[{"code":"16534","name":"Frukt & Grönsaker","superCategories":[]}]}]}],"packageSize":200.0,"packageSizeInformation":"200 gram ungefärlig vikt","packageSizeUnit":"gram ungefärlig vikt","pieceWeight":0.2,"salesPrice":29.95,"salesPriceData":{"b2cPrice":29.95,"b2bPrice":26.74},"piecePrice":29.95,"piecePriceData":{"b2cPrice":29.95,"b2bPrice":26.74},"salesUnit":"Styck","comparativePriceText":"kr/kg","comparativePrice":199.67,"comparativePriceData":{"b2cPrice":199.67,"b2bPrice":178.28},"articleSold":false,"deposit":0.0,"depositData":{"b2cPrice":0.0,"b2bPrice":0.0},"vat":{"code":"vat-full-2","value":12.0,"type":"Percentage"},"animalFoodData":{},"fromSweden":false,"availableOnline":true,"isMagazine":false,"nutrientBasis":{},"originCountry":{"code":"SPAIN","value":"Spanien"},"replacementCountries":[],"class":"Klass 1","pharmaceuticalData":{"isPharmaceutical":false},"sustainabilityInfoApplicable":true},{"id":"7340007928529","type":"Product","ean":"7340007928529","name":"Habanero Röd","imageUrl":"http://res.cloudinary.com/coopsverige/image/upload/v1725957538/cloud/384460.jpg","navCategories":[{"code":"334462","name":"Färska örter & Smaksättare","superCategories":[{"code":"32361","name":"Grönsaker","superCategories":[{"code":"16534","name":"Frukt & Grönsaker","superCategories":[]}]}]}],"packageSizeInformation":"30 g","salesPrice":20.0,"salesPriceData":{"b2cPrice":20.0,"b2bPrice":17.86},"piecePrice":20.0,"piecePriceData":{"b2cPrice":20.0,"b2bPrice":17.86},"salesUnit":"Styck","comparativePriceText":"kr/kg","comparativePrice":666.67,"comparativePriceData":{"b2cPrice":666.67,"b2bPrice":595.24},"articleSold":false,"deposit":0.0,"depositData":{"b2cPrice":0.0,"b2bPrice":0.0},"vat":{"code":"vat-full-2","value":12.0,"type":"Percentage"},"animalFoodData":{},"fromSweden":false,"availableOnline":true,"isMagazine":false,"nutrientBasis":{},"originCountry":{"code":"THE NETHERLANDS","value":"Nederländerna"},"replacementCountries":[],"class":"Klass 1","pharmaceuticalData":{"isPharmaceutical":false},"sustainabilityInfo":[{"productScore":[{"score":2.0,"param":"Biologisk mångfald","paramId":"biodiversity"},{"score":2.0,"param":"Klimat","paramId":"climate"},{"score":1.0,"param":"Bördighet","paramId":"soil_fertility"},{"score":2.0,"param":"Vatten","paramId":"water"},{"score":2.0,"param":"Bekämpningsmedel","paramId":"pesticides"},{"score":2.0,"param":"Övergödning","paramId":"eutrophication"},{"score":null,"param":"Djuromsorg och antibiotika","paramId":"animal_welfare_antibiotics"},{"score":1.0,"param":"Arbetsförhållanden","paramId":"working_conditions"},{"score":1.0,"param":"Lokalbefolkning","paramId":"local_population"},{"score":1.0,"param":"Lagefterlevnad och spårbarhet","paramId":"compliance_traceability"}]}],"sustainabilityInfoApplicable":true},{"id":"8850015910052","type":"Product","ean":"8850015910052","name":"Citrongräs 50G","imageUrl":"http://res.cloudinary.com/coopsverige/image/upload/v1445559499/84059.tiff","navCategories":[{"code":"334462","name":"Färska örter & Smaksättare","superCategories":[{"code":"32361","name":"Grönsaker","superCategories":[{"code":"16534","name":"Frukt & Grönsaker","superCategories":[]}]}]}],"packageSize":50.0,"packageSizeInformation":"50 gram ungefärlig vikt","packageSizeUnit":"gram ungefärlig vikt","pieceWeight":0.05,"salesPrice":26.95,"salesPriceData":{"b2cPrice":26.95,"b2bPrice":24.06},"piecePrice":26.95,"piecePriceData":{"b2cPrice":26.95,"b2bPrice":24.06},"salesUnit":"Styck","comparativePriceText":"kr/kg","comparativePrice":539.0,"comparativePriceData":{"b2cPrice":539.0,"b2bPrice":481.25},"articleSold":false,"deposit":0.0,"depositData":{"b2cPrice":0.0,"b2bPrice":0.0},"vat":{"code":"vat-full-2","value":12.0,"type":"Percentage"},"animalFoodData":{},"fromSweden":false,"availableOnline":true,"isMagazine":false,"nutrientBasis":{},"originCountry":{"code":"THAILAND","value":"Thailand"},"replacementCountries":[],"pharmaceuticalData":{"isPharmaceutical":false},"sustainabilityInfo":[{"productScore":[{"score":2.0,"param":"Biologisk mångfald","paramId":"biodiversity"},{"score":1.0,"param":"Klimat","paramId":"climate"},{"score":2.0,"param":"Bördighet","paramId":"soil_fertility"},{"score":2.0,"param":"Vatten","paramId":"water"},{"score":2.0,"param":"Bekämpningsmedel","paramId":"pesticides"},{"score":2.0,"param":"Övergödning","paramId":"eutrophication"},{"score":null,"param":"Djuromsorg och antibiotika","paramId":"animal_welfare_antibiotics"},{"score":4.0,"param":"Arbetsförhållanden","paramId":"working_conditions"},{"score":4.0,"param":"Lokalbefolkning","paramId":"local_population"},{"score":5.0,"param":"Lagefterlevnad och spårbarhet","paramId":"compliance_traceability"}]}],"sustainabilityInfoApplicable":true},{"id":"7340007911569","type":"Product","ean":"7340007911569","name":"Peppar Ancho 20Gr","imageUrl":"http://res.cloudinary.com/coopsverige/image/upload/v1629188025/cloud/232114.jpg","navCategories":[{"code":"334462","name":"Färska örter & Smaksättare","superCategories":[{"code":"32361","name":"Grönsaker","superCategories":[{"code":"16534","name":"Frukt & Grönsaker","superCategories":[]}]}]}],"packageSize":20.0,"packageSizeInformation":"20 gram ungefärlig vikt","packageSizeUnit":"gram ungefärlig vikt","pieceWeight":0.02,"salesPrice":44.95,"salesPriceData":{"b2cPrice":44.95,"b2bPrice":40.13},"piecePrice":44.95,"piecePriceData":{"b2cPrice":44.95,"b2bPrice":40.13},"salesUnit":"Styck","comparativePriceText":"kr/kg","comparativePrice":2247.5,"comparativePriceData":{"b2cPrice":2247.5,"b2bPrice":2006.7},"articleSold":false,"deposit":0.0,"depositData":{"b2cPrice":0.0,"b2bPrice":0.0},"vat":{"code":"vat-full-2","value":12.0,"type":"Percentage"},"animalFoodData":{},"fromSweden":false,"availableOnline":true,"isMagazine":false,"nutrientBasis":{},"originCountry":{"code":"THE NETHERLANDS","value":"Nederländerna"},"replacementCountries":[],"class":"Klass 1","pharmaceuticalData":{"isPharmaceutical":false},"sustainabilityInfo":[{"productScore":[{"score":2.0,"param":"Biologisk mångfald","paramId":"biodiversity"},{"score":2.0,"param":"Klimat","paramId":"climate"},{"score":2.0,"param":"Bördighet","paramId":"soil_fertility"},{"score":2.0,"param":"Vatten","paramId":"water"},{"score":2.0,"param":"Bekämpningsmedel","paramId":"pesticides"},{"score":2.0,"param":"Övergödning","paramId":"eutrophication"},{"score":null,"param":"Djuromsorg och antibiotika","paramId":"animal_welfare_antibiotics"},{"score":4.5,"param":"Arbetsförhållanden","paramId":"working_conditions"},{"score":5.0,"param":"Lokalbefolkning","paramId":"local_population"},{"score":3.5,"param":"Lagefterlevnad och spårbarhet","paramId":"compliance_traceability"}]}],"sustainabilityInfoApplicable":true},{"id":"7340007911576","type":"Product","ean":"7340007911576","name":"Peppar","imageUrl":"http://res.cloudinary.com/coopsverige/image/upload/v1629188991/cloud/232119.jpg","navCategories":[{"code":"334462","name":"Färska örter & Smaksättare","superCategories":[{"code":"32361","name":"Grönsaker","superCategories":[{"code":"16534","name":"Frukt & Grönsaker","superCategories":[]}]}]}],"packageSize":20.0,"packageSizeInformation":"20 gram ungefärlig vikt","packageSizeUnit":"gram ungefärlig vikt","pieceWeight":0.02,"salesPrice":44.95,"salesPriceData":{"b2cPrice":44.95,"b2bPrice":40.13},"piecePrice":44.95,"piecePriceData":{"b2cPrice":44.95,"b2bPrice":40.13},"salesUnit":"Styck","comparativePriceText":"kr/kg","comparativePrice":2247.5,"comparativePriceData":{"b2cPrice":2247.5,"b2bPrice":2006.7},"articleSold":false,"deposit":0.0,"depositData":{"b2cPrice":0.0,"b2bPrice":0.0},"vat":{"code":"vat-full-2","value":12.0,"type":"Percentage"},"animalFoodData":{},"fromSweden":false,"availableOnline":true,"isMagazine":false,"nutrientBasis":{},"originCountry":{"code":"THE NETHERLANDS","value":"Nederländerna"},"replacementCountries":[],"variety":"Chipotle","class":"Klass 1","pharmaceuticalData":{"isPharmaceutical":false},"sustainabilityInfo":[{"productScore":[{"score":2.0,"param":"Biologisk mångfald","paramId":"biodiversity"},{"score":2.0,"param":"Klimat","paramId":"climate"},{"score":2.0,"param":"Bördighet","paramId":"soil_fertility"},{"score":2.0,"param":"Vatten","paramId":"water"},{"score":2.0,"param":"Bekämpningsmedel","paramId":"pesticides"},{"score":2.0,"param":"Övergödning","paramId":"eutrophication"},{"score":null,"param":"Djuromsorg och antibiotika","paramId":"animal_welfare_antibiotics"},{"score":4.5,"param":"Arbetsförhållanden","paramId":"working_conditions"},{"score":5.0,"param":"Lokalbefolkning","paramId":"local_population"},{"score":3.5,"param":"Lagefterlevnad och spårbarhet","paramId":"compliance_traceability"}]}],"sustainabilityInfoApplicable":true},{"id":"7340011406945","type":"Product","ean":"7340011406945","name":"Timjan Eko","manufacturerName":"Änglamark","imageUrl":"http://res.cloudinary.com/coopsverige/image/upload/v1634124278/cloud/236489.tiff","navCategories":[{"code":"334462","name":"Färska örter & Smaksättare","superCategories":[{"code":"32361","name":"Grönsaker","superCategories":[{"code":"16534","name":"Frukt & Grönsaker","superCategories":[]}]}]}],"accreditedTags":[{"code":"NYCKELHALET","description":"Nyckelhålet","imageUrl":"https://res.cloudinary.com/coopsverige/image/upload/v1618910221/cooponline/Labels%27/nyckelhal_RGB.png","priority":240},{"code":"EU_ORGANIC_FARMING","description":"EU Ekologiskt jordbruk","imageUrl":"https://res.cloudinary.com/coopsverige/image/upload/cooponline/produktmarkning/EUOrganicFarmingLogo.jpg","priority":210},{"code":"KRAV_MARK","description":"KRAV-märkt","imageUrl":"https://res.cloudinary.com/coopsverige/image/upload/cooponline/produktmarkning/KRAVLogo.svg","priority":330}],"packageSize":35.0,"packageSizeInformation":"35 gram","packageSizeUnit":"Gram","salesPrice":21.95,"salesPriceData":{"b2cPrice":21.95,"b2bPrice":19.6},"piecePrice":21.95,"piecePriceData":{"b2cPrice":21.95,"b2bPrice":19.6},"salesUnit":"Styck","comparativePriceText":"kr/kg","comparativePrice":627.14,"comparativePriceData":{"b2cPrice":627.14,"b2bPrice":559.95},"articleSold":false,"deposit":0.0,"depositData":{"b2cPrice":0.0,"b2bPrice":0.0},"vat":{"code":"vat-full-2","value":12.0,"type":"Percentage"},"animalFoodData":{},"onlinePromotions":[{"id":"016001_34498","price":40.0,"priceData":{"b2cPrice":40.0,"b2bPrice":35.71},"startDate":"2025-06-15T22:00:00Z","endDate":"2025-08-03T22:00:00Z","message":"KRYDDOR 2 FÖR 40 KR-2 för 40:-","type":"MULTI_BUY_FIXED_PRICE","numberOfProductRequired":2,"medMeraRequired":false,"priority":910,"comparativePrice":{"b2cPrice":571.43,"b2bPrice":510.21},"higherThanHistoricalPrice":false}],"fromSweden":false,"availableOnline":true,"isMagazine":false,"nutrientBasis":{},"originCountry":{"code":"SWEDEN","value":"Sverige"},"replacementCountries":[],"pharmaceuticalData":{"isPharmaceutical":false},"sustainabilityInfo":[{"productScore":[{"score":1.0,"param":"Biologisk mångfald","paramId":"biodiversity"},{"score":3.0,"param":"Klimat","paramId":"climate"},{"score":1.0,"param":"Bördighet","paramId":"soil_fertility"},{"score":1.0,"param":"Vatten","paramId":"water"},{"score":1.0,"param":"Bekämpningsmedel","paramId":"pesticides"},{"score":1.0,"param":"Övergödning","paramId":"eutrophication"},{"score":null,"param":"Djuromsorg och antibiotika","paramId":"animal_welfare_antibiotics"},{"score":1.0,"param":"Arbetsförhållanden","paramId":"working_conditions"},{"score":1.0,"param":"Lokalbefolkning","paramId":"local_population"},{"score":1.0,"param":"Lagefterlevnad och spårbarhet","paramId":"compliance_traceability"}]}],"sustainabilityInfoApplicable":true},{"id":"8712516000352","type":"Product","ean":"8712516000352","name":"Sockerärtor","imageUrl":"http://res.cloudinary.com/coopsverige/image/upload/v1439903102/48508.tiff","navCategories":[{"code":"32422","name":"Bönor & Ärtor","superCategories":[{"code":"32361","name":"Grönsaker","superCategories":[{"code":"16534","name":"Frukt & Grönsaker","superCategories":[]}]}]}],"packageSizeInformation":"150 gr","salesPrice":32.95,"salesPriceData":{"b2cPrice":32.95,"b2bPrice":29.42},"piecePrice":32.95,"piecePriceData":{"b2cPrice":32.95,"b2bPrice":29.42},"salesUnit":"Styck","comparativePriceText":"kr/kg","comparativePrice":219.67,"comparativePriceData":{"b2cPrice":219.67,"b2bPrice":196.13},"articleSold":false,"deposit":0.0,"depositData":{"b2cPrice":0.0,"b2bPrice":0.0},"vat":{"code":"vat-full-2","value":12.0,"type":"Percentage"},"animalFoodData":{},"fromSweden":false,"availableOnline":true,"isMagazine":false,"nutrientBasis":{},"originCountry":{"code":"ZIMBABWE","value":"Zimbabwe"},"replacementCountries":[],"class":"Klass 1","pharmaceuticalData":{"isPharmaceutical":false},"sustainabilityInfoApplicable":true},{"id":"7300156598776","type":"Product","ean":"7300156598776","name":"Rucola Eko","manufacturerName":"Änglamark","description":"Ekologisk Rucola. Sköljd och färdig att ätas.","imageUrl":"http://res.cloudinary.com/coopsverige/image/upload/v1730104836/cloud/397274.tiff","listOfIngredients":"Rucola ekologisk 100%","navCategories":[{"code":"334460","name":"Färdigskuret","superCategories":[{"code":"32361","name":"Grönsaker","superCategories":[{"code":"16534","name":"Frukt & Grönsaker","superCategories":[]}]}]}],"accreditedTags":[{"code":"NYCKELHALET","description":"Nyckelhålet","imageUrl":"https://res.cloudinary.com/coopsverige/image/upload/v1618910221/cooponline/Labels%27/nyckelhal_RGB.png","priority":240},{"code":"EU_ORGANIC_FARMING","description":"EU Ekologiskt jordbruk","imageUrl":"https://res.cloudinary.com/coopsverige/image/upload/cooponline/produktmarkning/EUOrganicFarmingLogo.jpg","priority":210},{"code":"KRAV_MARK","description":"KRAV-märkt","imageUrl":"https://res.cloudinary.com/coopsverige/image/upload/cooponline/produktmarkning/KRAVLogo.svg","priority":330}],"maxStorageTemperature":"4","packageSize":65.0,"packageSizeInformation":"65 g","packageSizeUnit":"Gram","salesPrice":16.95,"salesPriceData":{"b2cPrice":16.95,"b2bPrice":15.13},"piecePrice":16.95,"piecePriceData":{"b2cPrice":16.95,"b2bPrice":15.13},"salesUnit":"Styck","comparativePriceText":"kr/kg","comparativePrice":260.77,"comparativePriceData":{"b2cPrice":260.77,"b2bPrice":232.83},"articleSold":false,"deposit":0.0,"depositData":{"b2cPrice":0.0,"b2bPrice":0.0},"vat":{"code":"vat-full-2","value":12.0,"type":"Percentage"},"nutrientLinks":[{"amount":["28"],"description":"Energi","unit":"Kilokalori"},{"amount":["115"],"description":"Energi","unit":"Kilojoule"},{"amount":["0.7"],"description":"Fett","unit":"Gram"},{"amount":["0.1"],"description":"Varav mättat fett","unit":"Gram"},{"amount":["0"],"description":"Varav enkelomättat fett","unit":"Gram"},{"amount":["0"],"description":"Varav fleromättat fett","unit":"Gram"},{"amount":["2"],"description":"Kolhydrat","unit":"Gram"},{"amount":["0.9"],"description":"Varav sockerarter","unit":"Gram"},{"amount":["2.6"],"description":"Protein","unit":"Gram"},{"amount":["0"],"description":"Salt","unit":"Gram"}],"animalFoodData":{},"fromSweden":false,"availableOnline":true,"countryOfOriginCodes":[{"code":"752","value":"Sverige"}],"isMagazine":false,"nutrientBasis":{"quantity":100.0},"originCountry":{"code":"SWEDEN","value":"Sverige"},"replacementCountries":[],"pharmaceuticalData":{"isPharmaceutical":false},"nutrientInformation":[{"header":{"nutrientBasisQuantity":100.0,"nutrientBasisQuantityType":"BY_MEASURE","nutrientBasisQuantityUnit":{"code":"GRM","value":"Gram"}}}],"sustainabilityInfoApplicable":true},{"id":"7340011406914","type":"Product","ean":"7340011406914","name":"Mynta Kruka Eko ","manufacturerName":"Änglamark","imageUrl":"http://res.cloudinary.com/coopsverige/image/upload/v1634124314/cloud/236493.tiff","navCategories":[{"code":"334462","name":"Färska örter & Smaksättare","superCategories":[{"code":"32361","name":"Grönsaker","superCategories":[{"code":"16534","name":"Frukt & Grönsaker","superCategories":[]}]}]}],"accreditedTags":[{"code":"NYCKELHALET","description":"Nyckelhålet","imageUrl":"https://res.cloudinary.com/coopsverige/image/upload/v1618910221/cooponline/Labels%27/nyckelhal_RGB.png","priority":240},{"code":"EU_ORGANIC_FARMING","description":"EU Ekologiskt jordbruk","imageUrl":"https://res.cloudinary.com/coopsverige/image/upload/cooponline/produktmarkning/EUOrganicFarmingLogo.jpg","priority":210},{"code":"KRAV_MARK","description":"KRAV-märkt","imageUrl":"https://res.cloudinary.com/coopsverige/image/upload/cooponline/produktmarkning/KRAVLogo.svg","priority":330}],"packageSize":35.0,"packageSizeInformation":"35 gram","packageSizeUnit":"Gram","salesPrice":34.95,"salesPriceData":{"b2cPrice":34.95,"b2bPrice":31.21},"piecePrice":34.95,"piecePriceData":{"b2cPrice":34.95,"b2bPrice":31.21},"salesUnit":"Styck","comparativePriceText":"kr/kg","comparativePrice":998.57,"comparativePriceData":{"b2cPrice":998.57,"b2bPrice":891.58},"articleSold":false,"deposit":0.0,"depositData":{"b2cPrice":0.0,"b2bPrice":0.0},"vat":{"code":"vat-full-2","value":12.0,"type":"Percentage"},"animalFoodData":{},"fromSweden":false,"availableOnline":true,"isMagazine":false,"nutrientBasis":{},"originCountry":{"code":"SWEDEN","value":"Sverige"},"replacementCountries":[],"pharmaceuticalData":{"isPharmaceutical":false},"sustainabilityInfoApplicable":true},{"id":"7300156598219","type":"Product","ean":"7300156598219","name":"Champinjoner","imageUrl":"http://res.cloudinary.com/coopsverige/image/upload/v1733483443/cloud/414388.tiff","navCategories":[{"code":"32474","name":"Svamp","superCategories":[{"code":"32361","name":"Grönsaker","superCategories":[{"code":"16534","name":"Frukt & Grönsaker","superCategories":[]}]}]}],"packageSizeInformation":"400 g","salesPrice":35.0,"salesPriceData":{"b2cPrice":35.0,"b2bPrice":31.25},"piecePrice":35.0,"piecePriceData":{"b2cPrice":35.0,"b2bPrice":31.25},"salesUnit":"Styck","comparativePriceText":"kr/st","comparativePrice":87.5,"comparativePriceData":{"b2cPrice":87.5,"b2bPrice":78.13},"articleSold":false,"deposit":0.0,"depositData":{"b2cPrice":0.0,"b2bPrice":0.0},"vat":{"code":"vat-full-2","value":12.0,"type":"Percentage"},"animalFoodData":{},"fromSweden":false,"availableOnline":true,"isMagazine":false,"nutrientBasis":{},"originCountry":{"code":"POLAND","value":"Polen"},"replacementCountries":[],"class":"Klass 1","pharmaceuticalData":{"isPharmaceutical":false},"sustainabilityInfoApplicable":true},{"id":"7319850011658","type":"Product","ean":"7319850011658","name":"Potatis Fast Gul","manufacturerName":"Andreas Uppgård","description":"Potatis Fast Gul 2 kg. .","imageUrl":"http://res.cloudinary.com/coopsverige/image/upload/v1751483612/cloud/494892.tiff","listOfIngredients":"Potatis Fast Gul.","navCategories":[{"code":"32466","name":"Potatis","superCategories":[{"code":"32361","name":"Grönsaker","superCategories":[{"code":"16534","name":"Frukt & Grönsaker","superCategories":[]}]}]}],"maxStorageTemperature":"20","packageSize":2.0,"packageSizeInformation":"2 kg","packageSizeUnit":"kg","salesPrice":33.95,"salesPriceData":{"b2cPrice":33.95,"b2bPrice":30.31},"piecePrice":33.95,"piecePriceData":{"b2cPrice":33.95,"b2bPrice":30.31},"salesUnit":"Styck","comparativePriceText":"kr/kg","comparativePrice":16.98,"comparativePriceData":{"b2cPrice":16.98,"b2bPrice":15.16},"articleSold":false,"deposit":0.0,"depositData":{"b2cPrice":0.0,"b2bPrice":0.0},"vat":{"code":"vat-full-2","value":12.0,"type":"Percentage"},"animalFoodData":{},"fromSweden":false,"availableOnline":true,"localProduct":{"code":"LOCAL_PRODUCT","description":"Lokal Mat","imageUrl":"https://res.cloudinary.com/coopsverige/image/upload/v1620227730/cooponline/Labels%27/Lokal-mat.png","priority":30},"declarationOfOrigin":"Sverige Avesta.","isMagazine":false,"nutrientBasis":{},"originCountry":{"code":"SWEDEN","value":"Sverige"},"replacementCountries":[],"class":"Klass 1","pharmaceuticalData":{"isPharmaceutical":false},"nutrientInformation":[{"header":{"nutrientBasisQuantityUnit":{"code":"GRM","value":"Gram"}}}],"sustainabilityInfoApplicable":true},{"id":"7340011406969","type":"Product","ean":"7340011406969","name":"Oregano Eko Kruka","manufacturerName":"Änglamark","imageUrl":"http://res.cloudinary.com/coopsverige/image/upload/v1634124330/cloud/236495.tiff","navCategories":[{"code":"334462","name":"Färska örter & Smaksättare","superCategories":[{"code":"32361","name":"Grönsaker","superCategories":[{"code":"16534","name":"Frukt & Grönsaker","superCategories":[]}]}]}],"accreditedTags":[{"code":"NYCKELHALET","description":"Nyckelhålet","imageUrl":"https://res.cloudinary.com/coopsverige/image/upload/v1618910221/cooponline/Labels%27/nyckelhal_RGB.png","priority":240},{"code":"EU_ORGANIC_FARMING","description":"EU Ekologiskt jordbruk","imageUrl":"https://res.cloudinary.com/coopsverige/image/upload/cooponline/produktmarkning/EUOrganicFarmingLogo.jpg","priority":210},{"code":"KRAV_MARK","description":"KRAV-märkt","imageUrl":"https://res.cloudinary.com/coopsverige/image/upload/cooponline/produktmarkning/KRAVLogo.svg","priority":330}],"packageSize":35.0,"packageSizeInformation":"35 gram","packageSizeUnit":"Gram","salesPrice":21.95,"salesPriceData":{"b2cPrice":21.95,"b2bPrice":19.6},"piecePrice":21.95,"piecePriceData":{"b2cPrice":21.95,"b2bPrice":19.6},"salesUnit":"Styck","comparativePriceText":"kr/kg","comparativePrice":627.14,"comparativePriceData":{"b2cPrice":627.14,"b2bPrice":559.95},"articleSold":false,"deposit":0.0,"depositData":{"b2cPrice":0.0,"b2bPrice":0.0},"vat":{"code":"vat-full-2","value":12.0,"type":"Percentage"},"animalFoodData":{},"onlinePromotions":[{"id":"016001_34498","price":40.0,"priceData":{"b2cPrice":40.0,"b2bPrice":35.71},"startDate":"2025-06-15T22:00:00Z","endDate":"2025-08-03T22:00:00Z","message":"KRYDDOR 2 FÖR 40 KR-2 för 40:-","type":"MULTI_BUY_FIXED_PRICE","numberOfProductRequired":2,"medMeraRequired":false,"priority":910,"comparativePrice":{"b2cPrice":571.43,"b2bPrice":510.21},"higherThanHistoricalPrice":false}],"fromSweden":false,"availableOnline":true,"isMagazine":false,"nutrientBasis":{},"originCountry":{"code":"SWEDEN","value":"Sverige"},"replacementCountries":[],"pharmaceuticalData":{"isPharmaceutical":false},"sustainabilityInfoApplicable":true},{"id":"7319850011665","type":"Product","ean":"7319850011665","name":"Potatis King Edward","manufacturerName":"Andreas Uppgård","description":"Potatis King Edward Mjölig 2 kg. .","imageUrl":"http://res.cloudinary.com/coopsverige/image/upload/v1751483407/cloud/494883.tiff","listOfIngredients":"Potatis King Edward.","navCategories":[{"code":"32466","name":"Potatis","superCategories":[{"code":"32361","name":"Grönsaker","superCategories":[{"code":"16534","name":"Frukt & Grönsaker","superCategories":[]}]}]}],"maxStorageTemperature":"20","packageSize":2.0,"packageSizeInformation":"2 kg","packageSizeUnit":"kg","salesPrice":33.95,"salesPriceData":{"b2cPrice":33.95,"b2bPrice":30.31},"piecePrice":33.95,"piecePriceData":{"b2cPrice":33.95,"b2bPrice":30.31},"salesUnit":"Styck","comparativePriceText":"kr/kg","comparativePrice":16.98,"comparativePriceData":{"b2cPrice":16.98,"b2bPrice":15.16},"articleSold":false,"deposit":0.0,"depositData":{"b2cPrice":0.0,"b2bPrice":0.0},"vat":{"code":"vat-full-2","value":12.0,"type":"Percentage"},"animalFoodData":{},"fromSweden":false,"availableOnline":true,"localProduct":{"code":"LOCAL_PRODUCT","description":"Lokal Mat","imageUrl":"https://res.cloudinary.com/coopsverige/image/upload/v1620227730/cooponline/Labels%27/Lokal-mat.png","priority":30},"declarationOfOrigin":"Sverige Avesta.","isMagazine":false,"nutrientBasis":{},"originCountry":{"code":"SWEDEN","value":"Sverige"},"replacementCountries":[],"class":"Klass 1","pharmaceuticalData":{"isPharmaceutical":false},"nutrientInformation":[{"header":{"nutrientBasisQuantityUnit":{"code":"GRM","value":"Gram"}}}],"sustainabilityInfoApplicable":true},{"id":"7340011406952","type":"Product","ean":"7340011406952","name":"Citronmeliss Eko","manufacturerName":"Änglamark","imageUrl":"http://res.cloudinary.com/coopsverige/image/upload/v1634124297/cloud/236491.tiff","navCategories":[{"code":"334462","name":"Färska örter & Smaksättare","superCategories":[{"code":"32361","name":"Grönsaker","superCategories":[{"code":"16534","name":"Frukt & Grönsaker","superCategories":[]}]}]}],"accreditedTags":[{"code":"NYCKELHALET","description":"Nyckelhålet","imageUrl":"https://res.cloudinary.com/coopsverige/image/upload/v1618910221/cooponline/Labels%27/nyckelhal_RGB.png","priority":240},{"code":"EU_ORGANIC_FARMING","description":"EU Ekologiskt jordbruk","imageUrl":"https://res.cloudinary.com/coopsverige/image/upload/cooponline/produktmarkning/EUOrganicFarmingLogo.jpg","priority":210},{"code":"KRAV_MARK","description":"KRAV-märkt","imageUrl":"https://res.cloudinary.com/coopsverige/image/upload/cooponline/produktmarkning/KRAVLogo.svg","priority":330}],"packageSize":35.0,"packageSizeInformation":"35 gram","packageSizeUnit":"Gram","salesPrice":21.95,"salesPriceData":{"b2cPrice":21.95,"b2bPrice":19.6},"piecePrice":21.95,"piecePriceData":{"b2cPrice":21.95,"b2bPrice":19.6},"salesUnit":"Styck","comparativePriceText":"kr/kg","comparativePrice":627.14,"comparativePriceData":{"b2cPrice":627.14,"b2bPrice":559.95},"articleSold":false,"deposit":0.0,"depositData":{"b2cPrice":0.0,"b2bPrice":0.0},"vat":{"code":"vat-full-2","value":12.0,"type":"Percentage"},"animalFoodData":{},"onlinePromotions":[{"id":"016001_34498","price":40.0,"priceData":{"b2cPrice":40.0,"b2bPrice":35.71},"startDate":"2025-06-15T22:00:00Z","endDate":"2025-08-03T22:00:00Z","message":"KRYDDOR 2 FÖR 40 KR-2 för 40:-","type":"MULTI_BUY_FIXED_PRICE","numberOfProductRequired":2,"medMeraRequired":false,"priority":910,"comparativePrice":{"b2cPrice":571.43,"b2bPrice":510.21},"higherThanHistoricalPrice":false}],"fromSweden":false,"availableOnline":true,"isMagazine":false,"nutrientBasis":{},"originCountry":{"code":"SWEDEN","value":"Sverige"},"replacementCountries":[],"pharmaceuticalData":{"isPharmaceutical":false},"sustainabilityInfoApplicable":true},{"id":"7340011406983","type":"Product","ean":"7340011406983","name":"Rosmarin Kruka Eko","manufacturerName":"Änglamark","imageUrl":"http://res.cloudinary.com/coopsverige/image/upload/v1634124347/cloud/236498.tiff","navCategories":[{"code":"334462","name":"Färska örter & Smaksättare","superCategories":[{"code":"32361","name":"Grönsaker","superCategories":[{"code":"16534","name":"Frukt & Grönsaker","superCategories":[]}]}]}],"accreditedTags":[{"code":"NYCKELHALET","description":"Nyckelhålet","imageUrl":"https://res.cloudinary.com/coopsverige/image/upload/v1618910221/cooponline/Labels%27/nyckelhal_RGB.png","priority":240},{"code":"EU_ORGANIC_FARMING","description":"EU Ekologiskt jordbruk","imageUrl":"https://res.cloudinary.com/coopsverige/image/upload/cooponline/produktmarkning/EUOrganicFarmingLogo.jpg","priority":210},{"code":"KRAV_MARK","description":"KRAV-märkt","imageUrl":"https://res.cloudinary.com/coopsverige/image/upload/cooponline/produktmarkning/KRAVLogo.svg","priority":330}],"packageSize":35.0,"packageSizeInformation":"35 gram","packageSizeUnit":"Gram","salesPrice":34.95,"salesPriceData":{"b2cPrice":34.95,"b2bPrice":31.21},"piecePrice":34.95,"piecePriceData":{"b2cPrice":34.95,"b2bPrice":31.21},"salesUnit":"Styck","comparativePriceText":"kr/kg","comparativePrice":998.57,"comparativePriceData":{"b2cPrice":998.57,"b2bPrice":891.58},"articleSold":false,"deposit":0.0,"depositData":{"b2cPrice":0.0,"b2bPrice":0.0},"vat":{"code":"vat-full-2","value":12.0,"type":"Percentage"},"animalFoodData":{},"fromSweden":false,"availableOnline":true,"isMagazine":false,"nutrientBasis":{},"originCountry":{"code":"SWEDEN","value":"Sverige"},"replacementCountries":[],"pharmaceuticalData":{"isPharmaceutical":false},"sustainabilityInfoApplicable":true},{"id":"8712516000369","type":"Product","ean":"8712516000369","name":"Bönor Sugarsnaps","imageUrl":"http://res.cloudinary.com/coopsverige/image/upload/v1648646731/cloud/23689.tiff","navCategories":[{"code":"32422","name":"Bönor & Ärtor","superCategories":[{"code":"32361","name":"Grönsaker","superCategories":[{"code":"16534","name":"Frukt & Grönsaker","superCategories":[]}]}]}],"packageSize":150.0,"packageSizeInformation":"150 gr","packageSizeUnit":"Gram","salesPrice":32.95,"salesPriceData":{"b2cPrice":32.95,"b2bPrice":29.42},"piecePrice":32.95,"piecePriceData":{"b2cPrice":32.95,"b2bPrice":29.42},"salesUnit":"Styck","comparativePriceText":"kr/kg","comparativePrice":219.67,"comparativePriceData":{"b2cPrice":219.67,"b2bPrice":196.13},"articleSold":false,"deposit":0.0,"depositData":{"b2cPrice":0.0,"b2bPrice":0.0},"vat":{"code":"vat-full-2","value":12.0,"type":"Percentage"},"animalFoodData":{},"fromSweden":false,"availableOnline":true,"isMagazine":false,"nutrientBasis":{},"originCountry":{"code":"PERU","value":"Peru"},"replacementCountries":[],"class":"Klass 1","pharmaceuticalData":{"isPharmaceutical":false},"sustainabilityInfoApplicable":true},{"id":"7300156578877","type":"Product","ean":"7300156578877","name":"Champinjoner Eko","manufacturerName":"Änglamark","imageUrl":"http://res.cloudinary.com/coopsverige/image/upload/v1536908785/349770.tiff","navCategories":[{"code":"32474","name":"Svamp","superCategories":[{"code":"32361","name":"Grönsaker","superCategories":[{"code":"16534","name":"Frukt & Grönsaker","superCategories":[]}]}]}],"accreditedTags":[{"code":"EU_ORGANIC_FARMING","description":"EU Ekologiskt jordbruk","imageUrl":"https://res.cloudinary.com/coopsverige/image/upload/cooponline/produktmarkning/EUOrganicFarmingLogo.jpg","priority":210},{"code":"KRAV_MARK","description":"KRAV-märkt","imageUrl":"https://res.cloudinary.com/coopsverige/image/upload/cooponline/produktmarkning/KRAVLogo.svg","priority":330},{"code":"FRAN_SVERIGE","description":"Svenskt ursprung","imageUrl":"https://res.cloudinary.com/coopsverige/image/upload/v1545316510/cooponline/Labels'/40px/grafik-m-rkning-bild-stor-fr-n-sverige.png","priority":300}],"packageSize":200.0,"packageSizeInformation":"200 gram","packageSizeUnit":"Gram","salesPrice":36.95,"salesPriceData":{"b2cPrice":36.95,"b2bPrice":32.99},"piecePrice":36.95,"piecePriceData":{"b2cPrice":36.95,"b2bPrice":32.99},"salesUnit":"Styck","comparativePriceText":"kr/kg","comparativePrice":184.75,"comparativePriceData":{"b2cPrice":184.75,"b2bPrice":164.96},"articleSold":false,"deposit":0.0,"depositData":{"b2cPrice":0.0,"b2bPrice":0.0},"vat":{"code":"vat-full-2","value":12.0,"type":"Percentage"},"animalFoodData":{},"fromSweden":true,"availableOnline":true,"countryOfOriginCodes":[{"code":"752","value":"Sverige"}],"isMagazine":false,"nutrientBasis":{},"originCountry":{"code":"SWEDEN","value":"Sverige"},"replacementCountries":[],"pharmaceuticalData":{"isPharmaceutical":false},"sustainabilityInfo":[{"productScore":[{"score":1.0,"param":"Biologisk mångfald","paramId":"biodiversity"},{"score":2.0,"param":"Klimat","paramId":"climate"},{"score":1.0,"param":"Bördighet","paramId":"soil_fertility"},{"score":1.0,"param":"Vatten","paramId":"water"},{"score":1.0,"param":"Bekämpningsmedel","paramId":"pesticides"},{"score":1.0,"param":"Övergödning","paramId":"eutrophication"},{"score":null,"param":"Djuromsorg och antibiotika","paramId":"animal_welfare_antibiotics"},{"score":1.0,"param":"Arbetsförhållanden","paramId":"working_conditions"},{"score":1.0,"param":"Lokalbefolkning","paramId":"local_population"},{"score":1.0,"param":"Lagefterlevnad och spårbarhet","paramId":"compliance_traceability"}]}],"sustainabilityInfoApplicable":true},{"id":"7300156595737","type":"Product","ean":"7300156595737","name":"Aubergine","manufacturerName":"Coop","imageUrl":"http://res.cloudinary.com/coopsverige/image/upload/v1701770156/cloud/307052.tiff","navCategories":[{"code":"334461","name":"Zucchini & Aubergine","superCategories":[{"code":"32361","name":"Grönsaker","superCategories":[{"code":"16534","name":"Frukt & Grönsaker","superCategories":[]}]}]}],"packageSize":230.0,"packageSizeInformation":"230 g","packageSizeUnit":"Gram","salesPrice":16.95,"salesPriceData":{"b2cPrice":16.95,"b2bPrice":15.13},"piecePrice":16.95,"piecePriceData":{"b2cPrice":16.95,"b2bPrice":15.13},"salesUnit":"Styck","comparativePriceText":"kr/kg","comparativePrice":73.7,"comparativePriceData":{"b2cPrice":73.7,"b2bPrice":65.8},"articleSold":false,"deposit":0.0,"depositData":{"b2cPrice":0.0,"b2bPrice":0.0},"vat":{"code":"vat-full-2","value":12.0,"type":"Percentage"},"animalFoodData":{},"onlinePromotions":[{"id":"016001_35090","price":25.0,"priceData":{"b2cPrice":25.0,"b2bPrice":22.32},"startDate":"2025-07-06T22:00:00Z","endDate":"2025-07-13T22:00:00Z","message":"AUBERGINE 2 FÖR 25 KR-2 för 25:-","type":"MULTI_BUY_FIXED_PRICE","numberOfProductRequired":2,"medMeraRequired":false,"priority":910,"comparativePrice":{"b2cPrice":54.35,"b2bPrice":48.53},"higherThanHistoricalPrice":false}],"fromSweden":false,"availableOnline":true,"isMagazine":false,"nutrientBasis":{},"originCountry":{"code":"SPAIN","value":"Spanien"},"replacementCountries":[{"code":"THE NETHERLANDS","value":"Nederländerna"}],"class":"Klass 1","pharmaceuticalData":{"isPharmaceutical":false},"sustainabilityInfoApplicable":true},{"id":"7300156503626","type":"Product","ean":"7300156503626","name":"Kastanjechampinjoner Eko ","manufacturerName":"Änglamark","imageUrl":"http://res.cloudinary.com/coopsverige/image/upload/v1542971660/355108.tiff","navCategories":[{"code":"32474","name":"Svamp","superCategories":[{"code":"32361","name":"Grönsaker","superCategories":[{"code":"16534","name":"Frukt & Grönsaker","superCategories":[]}]}]}],"accreditedTags":[{"code":"EU_ORGANIC_FARMING","description":"EU Ekologiskt jordbruk","imageUrl":"https://res.cloudinary.com/coopsverige/image/upload/cooponline/produktmarkning/EUOrganicFarmingLogo.jpg","priority":210},{"code":"KRAV_MARK","description":"KRAV-märkt","imageUrl":"https://res.cloudinary.com/coopsverige/image/upload/cooponline/produktmarkning/KRAVLogo.svg","priority":330},{"code":"FRAN_SVERIGE","description":"Svenskt ursprung","imageUrl":"https://res.cloudinary.com/coopsverige/image/upload/v1545316510/cooponline/Labels'/40px/grafik-m-rkning-bild-stor-fr-n-sverige.png","priority":300}],"packageSize":200.0,"packageSizeInformation":"200 gram","packageSizeUnit":"Gram","salesPrice":39.95,"salesPriceData":{"b2cPrice":39.95,"b2bPrice":35.67},"piecePrice":39.95,"piecePriceData":{"b2cPrice":39.95,"b2bPrice":35.67},"salesUnit":"Styck","comparativePriceText":"kr/kg","comparativePrice":199.75,"comparativePriceData":{"b2cPrice":199.75,"b2bPrice":178.35},"articleSold":false,"deposit":0.0,"depositData":{"b2cPrice":0.0,"b2bPrice":0.0},"vat":{"code":"vat-full-2","value":12.0,"type":"Percentage"},"animalFoodData":{},"fromSweden":true,"availableOnline":true,"isMagazine":false,"nutrientBasis":{},"originCountry":{"code":"SWEDEN","value":"Sverige"},"replacementCountries":[],"pharmaceuticalData":{"isPharmaceutical":false},"sustainabilityInfo":[{"productScore":[{"score":1.0,"param":"Biologisk mångfald","paramId":"biodiversity"},{"score":2.0,"param":"Klimat","paramId":"climate"},{"score":1.0,"param":"Bördighet","paramId":"soil_fertility"},{"score":1.0,"param":"Vatten","paramId":"water"},{"score":1.0,"param":"Bekämpningsmedel","paramId":"pesticides"},{"score":1.0,"param":"Övergödning","paramId":"eutrophication"},{"score":null,"param":"Djuromsorg och antibiotika","paramId":"animal_welfare_antibiotics"},{"score":1.0,"param":"Arbetsförhållanden","paramId":"working_conditions"},{"score":1.0,"param":"Lokalbefolkning","paramId":"local_population"},{"score":1.0,"param":"Lagefterlevnad och spårbarhet","paramId":"compliance_traceability"}]}],"sustainabilityInfoApplicable":true},{"id":"7300156597533","type":"Product","ean":"7300156597533","name":"Säsongsmix Eko","manufacturerName":"Änglamark","imageUrl":"http://res.cloudinary.com/coopsverige/image/upload/v1730807170/cloud/399834.tiff","navCategories":[{"code":"334460","name":"Färdigskuret","superCategories":[{"code":"32361","name":"Grönsaker","superCategories":[{"code":"16534","name":"Frukt & Grönsaker","superCategories":[]}]}]}],"accreditedTags":[{"code":"NYCKELHALET","description":"Nyckelhålet","imageUrl":"https://res.cloudinary.com/coopsverige/image/upload/v1618910221/cooponline/Labels%27/nyckelhal_RGB.png","priority":240},{"code":"EU_ORGANIC_FARMING","description":"EU Ekologiskt jordbruk","imageUrl":"https://res.cloudinary.com/coopsverige/image/upload/cooponline/produktmarkning/EUOrganicFarmingLogo.jpg","priority":210},{"code":"KRAV_MARK","description":"KRAV-märkt","imageUrl":"https://res.cloudinary.com/coopsverige/image/upload/cooponline/produktmarkning/KRAVLogo.svg","priority":330}],"packageSize":65.0,"packageSizeInformation":"65 g","packageSizeUnit":"Gram","salesPrice":16.95,"salesPriceData":{"b2cPrice":16.95,"b2bPrice":15.13},"piecePrice":16.95,"piecePriceData":{"b2cPrice":16.95,"b2bPrice":15.13},"salesUnit":"Styck","comparativePriceText":"kr/kg","comparativePrice":260.77,"comparativePriceData":{"b2cPrice":260.77,"b2bPrice":232.83},"articleSold":false,"deposit":0.0,"depositData":{"b2cPrice":0.0,"b2bPrice":0.0},"vat":{"code":"vat-full-2","value":12.0,"type":"Percentage"},"animalFoodData":{},"fromSweden":false,"availableOnline":true,"isMagazine":false,"nutrientBasis":{},"originCountry":{"code":"SWEDEN","value":"Sverige"},"replacementCountries":[{"code":"ITALY","value":"Italien"}],"pharmaceuticalData":{"isPharmaceutical":false},"sustainabilityInfoApplicable":true},{"id":"7300156599858","type":"Product","ean":"7300156599858","name":"Kruspersilja","manufacturerName":"COOP","imageUrl":"http://res.cloudinary.com/coopsverige/image/upload/v1747050562/cloud/477299.jpg","navCategories":[{"code":"334462","name":"Färska örter & Smaksättare","superCategories":[{"code":"32361","name":"Grönsaker","superCategories":[{"code":"16534","name":"Frukt & Grönsaker","superCategories":[]}]}]}],"packageSize":20.0,"packageSizeInformation":"20 gram","packageSizeUnit":"Gram","salesPrice":12.95,"salesPriceData":{"b2cPrice":12.95,"b2bPrice":11.56},"piecePrice":12.95,"piecePriceData":{"b2cPrice":12.95,"b2bPrice":11.56},"salesUnit":"Styck","comparativePriceText":"kr/kg","comparativePrice":647.5,"comparativePriceData":{"b2cPrice":647.5,"b2bPrice":578.13},"articleSold":false,"deposit":0.0,"depositData":{"b2cPrice":0.0,"b2bPrice":0.0},"vat":{"code":"vat-full-2","value":12.0,"type":"Percentage"},"animalFoodData":{},"onlinePromotions":[{"id":"016001_35081","price":22.0,"priceData":{"b2cPrice":22.0,"b2bPrice":19.64},"startDate":"2025-07-06T22:00:00Z","endDate":"2025-07-13T22:00:00Z","message":"FÄRSKA ÖRTER FLOW 2 FÖR-2 för 22:-","type":"MULTI_BUY_FIXED_PRICE","numberOfProductRequired":2,"medMeraRequired":false,"priority":910,"comparativePrice":{"b2cPrice":550.0,"b2bPrice":491.07},"higherThanHistoricalPrice":false}],"fromSweden":false,"availableOnline":true,"isMagazine":false,"nutrientBasis":{},"originCountry":{"code":"SWEDEN","value":"Sverige"},"replacementCountries":[{"code":"SPAIN","value":"Spanien"}],"pharmaceuticalData":{"isPharmaceutical":false},"sustainabilityInfoApplicable":true},{"id":"7340007901140","type":"Product","ean":"7340007901140","name":"Bönor Haricot verts","imageUrl":"http://res.cloudinary.com/coopsverige/image/upload/v1439902563/48431.tiff","navCategories":[{"code":"32422","name":"Bönor & Ärtor","superCategories":[{"code":"32361","name":"Grönsaker","superCategories":[{"code":"16534","name":"Frukt & Grönsaker","superCategories":[]}]}]}],"packageSize":150.0,"packageSizeInformation":"150 g","packageSizeUnit":"Gram","salesPrice":32.95,"salesPriceData":{"b2cPrice":32.95,"b2bPrice":29.42},"piecePrice":32.95,"piecePriceData":{"b2cPrice":32.95,"b2bPrice":29.42},"salesUnit":"Styck","comparativePriceText":"kr/kg","comparativePrice":219.67,"comparativePriceData":{"b2cPrice":219.67,"b2bPrice":196.13},"articleSold":false,"deposit":0.0,"depositData":{"b2cPrice":0.0,"b2bPrice":0.0},"vat":{"code":"vat-full-2","value":12.0,"type":"Percentage"},"animalFoodData":{},"fromSweden":false,"availableOnline":true,"isMagazine":false,"nutrientBasis":{},"originCountry":{"code":"KENYA","value":"Kenya"},"replacementCountries":[],"class":"Klass 1","pharmaceuticalData":{"isPharmaceutical":false},"sustainabilityInfo":[{"productScore":[{"score":2.0,"param":"Biologisk mångfald","paramId":"biodiversity"},{"score":3.0,"param":"Klimat","paramId":"climate"},{"score":2.0,"param":"Bördighet","paramId":"soil_fertility"},{"score":2.0,"param":"Vatten","paramId":"water"},{"score":2.0,"param":"Bekämpningsmedel","paramId":"pesticides"},{"score":2.0,"param":"Övergödning","paramId":"eutrophication"},{"score":null,"param":"Djuromsorg och antibiotika","paramId":"animal_welfare_antibiotics"},{"score":5.0,"param":"Arbetsförhållanden","paramId":"working_conditions"},{"score":4.0,"param":"Lokalbefolkning","paramId":"local_population"},{"score":5.0,"param":"Lagefterlevnad och spårbarhet","paramId":"compliance_traceability"}]}],"sustainabilityInfoApplicable":true}]}}
---
{"results":{"count":203,"facets":[{"name":"brand","items":[{"item":"COOP","count":43,"selected":false},{"item":"Änglamark","count":29,"selected":false},{"item":"Andreas Uppgård","count":2,"selected":false},{"item":"EAGLOBE","count":1,"selected":false},{"item":"Xtra","count":1,"selected":false}]},{"name":"environmentalLabels","items":[{"item":"Ekologiskt","count":33,"selected":false},{"item":"KRAV","count":30,"selected":false},{"item":"Nyckelhålet","count":13,"selected":false},{"item":"Svenskt ursprung","count":5,"selected":false},{"item":"Lokalt","count":2,"selected":false}]}],"items":[{"id":"7300156586629","type":"Product","ean":"7300156586629","name":"Rödbeta Förkokt Eko","manufacturerName":"Änglamark","imageUrl":"http://res.cloudinary.com/coopsverige/image/upload/v1581666585/393342.tiff","navCategories":[{"code":"32472","name":"Övriga Rotfrukter","superCategories":[{"code":"32361","name":"Grönsaker","superCategories":[{"code":"16534","name":"Frukt & Grönsaker","superCategories":[]}]}]}],"accreditedTags":[{"code":"NYCKELHALET","description":"Nyckelhålet","imageUrl":"https://res.cloudinary.com/coopsverige/image/upload/v1618910221/cooponline/Labels%27/nyckelhal_RGB.png","priority":240},{"code":"EU_ORGANIC_FARMING","description":"EU Ekologiskt jordbruk","imageUrl":"https://res.cloudinary.com/coopsverige/image/upload/cooponline/produktmarkning/EUOrganicFarmingLogo.jpg","priority":210},{"code":"KRAV_MARK","description":"KRAV-märkt","imageUrl":"https://res.cloudinary.com/coopsverige/image/upload/cooponline/produktmarkning/KRAVLogo.svg","priority":330}],"packageSize":500.0,"packageSizeInformation":"500 g","packageSizeUnit":"Gram","salesPrice":19.95,"salesPriceData":{"b2cPrice":19.95,"b2bPrice":17.81},"piecePrice":19.95,"piecePriceData":{"b2cPrice":19.95,"b2bPrice":17.81},"salesUnit":"Styck","comparativePriceText":"kr/kg","comparativePrice":39.9,"comparativePriceData":{"b2cPrice":39.9,"b2bPrice":35.63},"articleSold":false,"deposit":0.0,"depositData":{"b2cPrice":0.0,"b2bPrice":0.0},"vat":{"code":"vat-full-2","value":12.0,"type":"Percentage"},"animalFoodData":{},"fromSweden":false,"availableOnline":true,"isMagazine":false,"nutrientBasis":{},"originCountry":{"code":"SWEDEN","value":"Sverige"},"replacementCountries":[],"class":"Klass 1","pharmaceuticalData":{"isPharmaceutical":false},"sustainabilityInfo":[{"productScore":[{"score":4.0,"param":"Biologisk mångfald","paramId":"biodiversity"},{"score":1.0,"param":"Klimat","paramId":"climate"},{"score":3.0,"param":"Bördighet","paramId":"soil_fertility"},{"score":1.0,"param":"Vatten","paramId":"water"},{"score":2.0,"param":"Bekämpningsmedel","paramId":"pesticides"},{"score":3.0,"param":"Övergödning","paramId":"eutrophication"},{"score":null,"param":"Djuromsorg och antibiotika","paramId":"animal_welfare_antibiotics"},{"score":2.0,"param":"Arbetsförhållanden","paramId":"working_conditions"},{"score":1.0,"param":"Lokalbefolkning","paramId":"local_population"},{"score":0.5,"param":"Lagefterlevnad och spårbarhet","paramId":"compliance_traceability"}]}],"sustainabilityInfoApplicable":true},{"id":"7300190832607","type":"Product","ean":"7300190832607","name":"Palsternacka Eko","manufacturerName":"Änglamark","imageUrl":"http://res.cloudinary.com/coopsverige/image/upload/v1630151233/cloud/76645.tiff","navCategories":[{"code":"32472","name":"Övriga Rotfrukter","superCategories":[{"code":"32361","name":"Grönsaker","superCategories":[{"code":"16534","name":"Frukt & Grönsaker","superCategories":[]}]}]}],"accreditedTags":[{"code":"EU_ORGANIC_FARMING","description":"EU Ekologiskt jordbruk","imageUrl":"https://res.cloudinary.com/coopsverige/image/upload/cooponline/produktmarkning/EUOrganicFarmingLogo.jpg","priority":210},{"code":"KRAV_MARK","description":"KRAV-märkt","imageUrl":"https://res.cloudinary.com/coopsverige/image/upload/cooponline/produktmarkning/KRAVLogo.svg","priority":330}],"packageSize":501.0,"packageSizeInformation":"501 gram","packageSizeUnit":"Gram","salesPrice":29.95,"salesPriceData":{"b2cPrice":29.95,"b2bPrice":26.74},"piecePrice":29.95,"piecePriceData":{"b2cPrice":29.95,"b2bPrice":26.74},"salesUnit":"Styck","comparativePriceText":"kr/kg","comparativePrice":59.9,"comparativePriceData":{"b2cPrice":59.9,"b2bPrice":53.48},"articleSold":false,"deposit":0.0,"depositData":{"b2cPrice":0.0,"b2bPrice":0.0},"vat":{"code":"vat-full-2","value":12.0,"type":"Percentage"},"animalFoodData":{},"fromSweden":false,"availableOnline":true,"isMagazine":false,"nutrientBasis":{},"originCountry":{"code":"SWEDEN","value":"Sverige"},"replacementCountries":[],"class":"Klass 1","pharmaceuticalData":{"isPharmaceutical":false},"sustainabilityInfo":[{"productScore":[{"score":1.0,"param":"Biologisk mångfald","paramId":"biodiversity"},{"score":1.0,"param":"Klimat","paramId":"climate"},{"score":1.0,"param":"Bördighet","paramId":"soil_fertility"},{"score":1.5,"param":"Vatten","paramId":"water"},{"score":1.0,"param":"Bekämpningsmedel","paramId":"pesticides"},{"score":1.0,"param":"Övergödning","paramId":"eutrophication"},{"score":null,"param":"Djuromsorg och antibiotika","paramId":"animal_welfare_antibiotics"},{"score":1.0,"param":"Arbetsförhållanden","paramId":"working_conditions"},{"score":1.0,"param":"Lokalbefolkning","paramId":"local_population"},{"score":1.0,"param":"Lagefterlevnad och spårbarhet","paramId":"compliance_traceability"}]}],"sustainabilityInfoApplicable":true},{"id":"7300156599728","type":"Product","ean":"7300156599728","name":"Koriander","manufacturerName":"COOP","imageUrl":"http://res.cloudinary.com/coopsverige/image/upload/v1749108728/cloud/486700.jpg","navCategories":[{"code":"334462","name":"Färska örter & Smaksättare","superCategories":[{"code":"32361","name":"Grönsaker","superCategories":[{"code":"16534","name":"Frukt & Grönsaker","superCategories":[]}]}]}],"packageSize":25.0,"packageSizeInformation":"25 gram","packageSizeUnit":"Gram","salesPrice":14.95,"salesPriceData":{"b2cPrice":14.95,"b2bPrice":13.35},"piecePrice":14.95,"piecePriceData":{"b2cPrice":14.95,"b2bPrice":13.35},"salesUnit":"Styck","comparativePriceText":"kr/kg","comparativePrice":598.0,"comparativePriceData":{"b2cPrice":598.0,"b2bPrice":533.93},"articleSold":false,"deposit":0.0,"depositData":{"b2cPrice":0.0,"b2bPrice":0.0},"vat":{"code":"vat-full-2","value":12.0,"type":"Percentage"},"animalFoodData":{},"fromSweden":false,"availableOnline":true,"isMagazine":false,"nutrientBasis":{},"originCountry":{"code":"SWEDEN","value":"Sverige"},"replacementCountries":[{"code":"SWEDEN","value":"Sverige"},{"code":"SPAIN","value":"Spanien"}],"pharmaceuticalData":{"isPharmaceutical":false},"sustainabilityInfoApplicable":true},{"id":"7300156503640","type":"Product","ean":"7300156503640","name":"Shiitake Eko","manufacturerName":"Änglamark","imageUrl":"http://res.cloudinary.com/coopsverige/image/upload/v1536909835/349771.tiff","navCategories":[{"code":"32474","name":"Svamp","superCategories":[{"code":"32361","name":"Grönsaker","superCategories":[{"code":"16534","name":"Frukt & Grönsaker","superCategories":[]}]}]}],"accreditedTags":[{"code":"EU_ORGANIC_FARMING","description":"EU Ekologiskt jordbruk","imageUrl":"https://res.cloudinary.com/coopsverige/image/upload/cooponline/produktmarkning/EUOrganicFarmingLogo.jpg","priority":210},{"code":"KRAV_MARK","description":"KRAV-märkt","imageUrl":"https://res.cloudinary.com/coopsverige/image/upload/cooponline/produktmarkning/KRAVLogo.svg","priority":330},{"code":"FRAN_SVERIGE","description":"Svenskt ursprung","imageUrl":"https://res.cloudinary.com/coopsverige/image/upload/v1545316510/cooponline/Labels'/40px/grafik-m-rkning-bild-stor-fr-n-sverige.png","priority":300}],"packageSize":155.0,"packageSizeInformation":"155 gram","packageSizeUnit":"Gram","salesPrice":49.95,"salesPriceData":{"b2cPrice":49.95,"b2bPrice":44.6},"piecePrice":49.95,"piecePriceData":{"b2cPrice":49.95,"b2bPrice":44.6},"salesUnit":"Styck","comparativePriceText":"kr/kg","comparativePrice":333.0,"comparativePriceData":{"b2cPrice":333.0,"b2bPrice":297.32},"articleSold":false,"deposit":0.0,"depositData":{"b2cPrice":0.0,"b2bPrice":0.0},"vat":{"code":"vat-full-2","value":12.0,"type":"Percentage"},"animalFoodData":{},"fromSweden":true,"availableOnline":true,"isMagazine":false,"nutrientBasis":{},"originCountry":{"code":"SWEDEN","value":"Sverige"},"replacementCountries":[],"pharmaceuticalData":{"isPharmaceutical":false},"sustainabilityInfo":[{"productScore":[{"score":1.0,"param":"Biologisk mångfald","paramId":"biodiversity"},{"score":2.0,"param":"Klimat","paramId":"climate"},{"score":1.0,"param":"Bördighet","paramId":"soil_fertility"},{"score":1.0,"param":"Vatten","paramId":"water"},{"score":1.0,"param":"Bekämpningsmedel","paramId":"pesticides"},{"score":1.0,"param":"Övergödning","paramId":"eutrophication"},{"score":null,"param":"Djuromsorg och antibiotika","paramId":"animal_welfare_antibiotics"},{"score":1.0,"param":"Arbetsförhållanden","paramId":"working_conditions"},{"score":1.0,"param":"Lokalbefolkning","paramId":"local_population"},{"score":1.0,"param":"Lagefterlevnad och spårbarhet","paramId":"compliance_traceability"}]}],"sustainabilityInfoApplicable":true},{"id":"7300170046178","type":"Product","ean":"7300170046178","name":"Jordärtskockor Eko","manufacturerName":"Änglamark","imageUrl":"http://res.cloudinary.com/coopsverige/image/upload/v1642152816/cloud/242999.tiff","navCategories":[{"code":"32472","name":"Övriga Rotfrukter","superCategories":[{"code":"32361","name":"Grönsaker","superCategories":[{"code":"16534","name":"Frukt & Grönsaker","superCategories":[]}]}]}],"accreditedTags":[{"code":"EU_ORGANIC_FARMING","description":"EU Ekologiskt jordbruk","imageUrl":"https://res.cloudinary.com/coopsverige/image/upload/cooponline/produktmarkning/EUOrganicFarmingLogo.jpg","priority":210},{"code":"KRAV_MARK","description":"KRAV-märkt","imageUrl":"https://res.cloudinary.com/coopsverige/image/upload/cooponline/produktmarkning/KRAVLogo.svg","priority":330}],"packageSize":500.0,"packageSizeInformation":"500 g","packageSizeUnit":"Gram","salesPrice":27.95,"salesPriceData":{"b2cPrice":27.95,"b2bPrice":24.96},"piecePrice":27.95,"piecePriceData":{"b2cPrice":27.95,"b2bPrice":24.96},"salesUnit":"Styck","comparativePriceText":"kr/kg","comparativePrice":55.9,"comparativePriceData":{"b2cPrice":55.9,"b2bPrice":49.91},"articleSold":false,"deposit":0.0,"depositData":{"b2cPrice":0.0,"b2bPrice":0.0},"vat":{"code":"vat-full-2","value":12.0,"type":"Percentage"},"animalFoodData":{},"fromSweden":false,"availableOnline":true,"isMagazine":false,"nutrientBasis":{},"originCountry":{"code":"SWEDEN","value":"Sverige"},"replacementCountries":[],"class":"Klass 1","pharmaceuticalData":{"isPharmaceutical":false},"sustainabilityInfoApplicable":true},{"id":"7300156503633","type":"Product","ean":"7300156503633","name":"Ostronskivling Eko","manufacturerName":"Änglamark","imageUrl":"http://res.cloudinary.com/coopsverige/image/upload/v1542971665/355110.tiff","navCategories":[{"code":"32474","name":"Svamp","superCategories":[{"code":"32361","name":"Grönsaker","superCategories":[{"code":"16534","name":"Frukt & Grönsaker","superCategories":[]}]}]}],"accreditedTags":[{"code":"EU_ORGANIC_FARMING","description":"EU Ekologiskt jordbruk","imageUrl":"https://res.cloudinary.com/coopsverige/image/upload/cooponline/produktmarkning/EUOrganicFarmingLogo.jpg","priority":210},{"code":"KRAV_MARK","description":"KRAV-märkt","imageUrl":"https://res.cloudinary.com/coopsverige/image/upload/cooponline/produktmarkning/KRAVLogo.svg","priority":330},{"code":"FRAN_SVERIGE","description":"Svenskt ursprung","imageUrl":"https://res.cloudinary.com/coopsverige/image/upload/v1545316510/cooponline/Labels'/40px/grafik-m-rkning-bild-stor-fr-n-sverige.png","priority":300}],"packageSize":155.0,"packageSizeInformation":"155 gram","packageSizeUnit":"Gram","salesPrice":39.95,"salesPriceData":{"b2cPrice":39.95,"b2bPrice":35.67},"piecePrice":39.95,"piecePriceData":{"b2cPrice":39.95,"b2bPrice":35.67},"salesUnit":"Styck","comparativePriceText":"kr/kg","comparativePrice":266.33,"comparativePriceData":{"b2cPrice":266.33,"b2bPrice":237.79},"articleSold":false,"deposit":0.0,"depositData":{"b2cPrice":0.0,"b2bPrice":0.0},"vat":{"code":"vat-full-2","value":12.0,"type":"Percentage"},"animalFoodData":{},"fromSweden":true,"availableOnline":true,"isMagazine":false,"nutrientBasis":{},"originCountry":{"code":"SWEDEN","value":"Sverige"},"replacementCountries":[],"pharmaceuticalData":{"isPharmaceutical":false},"sustainabilityInfo":[{"productScore":[{"score":1.0,"param":"Biologisk mångfald","paramId":"biodiversity"},{"score":2.0,"param":"Klimat","paramId":"climate"},{"score":1.0,"param":"Bördighet","paramId":"soil_fertility"},{"score":1.0,"param":"Vatten","paramId":"water"},{"score":1.0,"param":"Bekämpningsmedel","paramId":"pesticides"},{"score":1.0,"param":"Övergödning","paramId":"eutrophication"},{"score":null,"param":"Djuromsorg och antibiotika","paramId":"animal_welfare_antibiotics"},{"score":1.0,"param":"Arbetsförhållanden","paramId":"working_conditions"},{"score":1.0,"param":"Lokalbefolkning","paramId":"local_population"},{"score":1.0,"param":"Lagefterlevnad och spårbarhet","paramId":"compliance_traceability"}]}],"sustainabilityInfoApplicable":true},{"id":"7300156578884","type":"Product","ean":"7300156578884","name":"Portabello Eko","manufacturerName":"Änglamark","imageUrl":"http://res.cloudinary.com/coopsverige/image/upload/v1542971663/355109.tiff","navCategories":[{"code":"32474","name":"Svamp","superCategories":[{"code":"32361","name":"Grönsaker","superCategories":[{"code":"16534","name":"Frukt & Grönsaker","superCategories":[]}]}]}],"accreditedTags":[{"code":"EU_ORGANIC_FARMING","description":"EU Ekologiskt jordbruk","imageUrl":"https://res.cloudinary.com/coopsverige/image/upload/cooponline/produktmarkning/EUOrganicFarmingLogo.jpg","priority":210},{"code":"KRAV_MARK","description":"KRAV-märkt","imageUrl":"https://res.cloudinary.com/coopsverige/image/upload/cooponline/produktmarkning/KRAVLogo.svg","priority":330},{"code":"FRAN_SVERIGE","description":"Svenskt ursprung","imageUrl":"https://res.cloudinary.com/coopsverige/image/upload/v1545316510/cooponline/Labels'/40px/grafik-m-rkning-bild-stor-fr-n-sverige.png","priority":300}],"packageSize":155.0,"packageSizeInformation":"155 gram","packageSizeUnit":"Gram","salesPrice":39.95,"salesPriceData":{"b2cPrice":39.95,"b2bPrice":35.67},"piecePrice":39.95,"piecePriceData":{"b2cPrice":39.95,"b2bPrice":35.67},"salesUnit":"Styck","comparativePriceText":"kr/kg","comparativePrice":266.33,"comparativePriceData":{"b2cPrice":266.33,"b2bPrice":237.79},"articleSold":false,"deposit":0.0,"depositData":{"b2cPrice":0.0,"b2bPrice":0.0},"vat":{"code":"vat-full-2","value":12.0,"type":"Percentage"},"animalFoodData":{},"fromSweden":true,"availableOnline":true,"isMagazine":false,"nutrientBasis":{},"originCountry":{"code":"SWEDEN","value":"Sverige"},"replacementCountries":[],"pharmaceuticalData":{"isPharmaceutical":false},"sustainabilityInfo":[{"productScore":[{"score":1.0,"param":"Biologisk mångfald","paramId":"biodiversity"},{"score":2.0,"param":"Klimat","paramId":"climate"},{"score":1.0,"param":"Bördighet","paramId":"soil_fertility"},{"score":1.0,"param":"Vatten","paramId":"water"},{"score":1.0,"param":"Bekämpningsmedel","paramId":"pesticides"},{"score":1.0,"param":"Övergödning","paramId":"eutrophication"},{"score":null,"param":"Djuromsorg och antibiotika","paramId":"animal_welfare_antibiotics"},{"score":1.0,"param":"Arbetsförhållanden","paramId":"working_conditions"},{"score":1.0,"param":"Lokalbefolkning","paramId":"local_population"},{"score":1.0,"param":"Lagefterlevnad och spårbarhet","paramId":"compliance_traceability"}]}],"sustainabilityInfoApplicable":true},{"id":"7300156599841","type":"Product","ean":"7300156599841","name":"Bladpersilja","manufacturerName":"COOP","imageUrl":"http://res.cloudinary.com/coopsverige/image/upload/v1749105115/cloud/486695.jpg","navCategories":[{"code":"334462","name":"Färska örter & Smaksättare","superCategories":[{"code":"32361","name":"Grönsaker","superCategories":[{"code":"16534","name":"Frukt & Grönsaker","superCategories":[]}]}]}],"packageSize":50.0,"packageSizeInformation":"50 gram","packageSizeUnit":"Gram","salesPrice":12.95,"salesPriceData":{"b2cPrice":12.95,"b2bPrice":11.56},"piecePrice":12.95,"piecePriceData":{"b2cPrice":12.95,"b2bPrice":11.56},"salesUnit":"Styck","comparativePriceText":"kr/kg","comparativePrice":259.0,"comparativePriceData":{"b2cPrice":259.0,"b2bPrice":231.25},"articleSold":false,"deposit":0.0,"depositData":{"b2cPrice":0.0,"b2bPrice":0.0},"vat":{"code":"vat-full-2","value":12.0,"type":"Percentage"},"animalFoodData":{},"fromSweden":false,"availableOnline":true,"isMagazine":false,"nutrientBasis":{},"originCountry":{"code":"SWEDEN","value":"Sverige"},"replacementCountries":[{"code":"SWEDEN","value":"Sverige"},{"code":"SPAIN","value":"Spanien"}],"pharmaceuticalData":{"isPharmaceutical":false},"sustainabilityInfoApplicable":true},{"id":"7300156599735","type":"Product","ean":"7300156599735","name":"Timjan","manufacturerName":"COOP","imageUrl":"http://res.cloudinary.com/coopsverige/image/upload/v1749108732/cloud/486701.jpg","navCategories":[{"code":"334462","name":"Färska örter & Smaksättare","superCategories":[{"code":"32361","name":"Grönsaker","superCategories":[{"code":"16534","name":"Frukt & Grönsaker","superCategories":[]}]}]}],"packageSize":20.0,"packageSizeInformation":"20 gram","packageSizeUnit":"Gram","salesPrice":14.95,"salesPriceData":{"b2cPrice":14.95,"b2bPrice":13.35},"piecePrice":14.95,"piecePriceData":{"b2cPrice":14.95,"b2bPrice":13.35},"salesUnit":"Styck","comparativePriceText":"kr/kg","comparativePrice":747.5,"comparativePriceData":{"b2cPrice":747.5,"b2bPrice":667.41},"articleSold":false,"deposit":0.0,"depositData":{"b2cPrice":0.0,"b2bPrice":0.0},"vat":{"code":"vat-full-2","value":12.0,"type":"Percentage"},"animalFoodData":{},"fromSweden":false,"availableOnline":true,"isMagazine":false,"nutrientBasis":{},"originCountry":{"code":"GERMANY","value":"Tyskland"},"replacementCountries":[],"pharmaceuticalData":{"isPharmaceutical":false},"sustainabilityInfoApplicable":true},{"id":"7300156599773","type":"Product","ean":"7300156599773","name":"Salvia","manufacturerName":"COOP","imageUrl":"http://res.cloudinary.com/coopsverige/image/upload/v1749107826/cloud/486699.jpg","navCategories":[{"code":"334462","name":"Färska örter & Smaksättare","superCategories":[{"code":"32361","name":"Grönsaker","superCategories":[{"code":"16534","name":"Frukt & Grönsaker","superCategories":[]}]}]}],"packageSize":20.0,"packageSizeInformation":"20 gram","packageSizeUnit":"Gram","salesPrice":14.95,"salesPriceData":{"b2cPrice":14.95,"b2bPrice":13.35},"piecePrice":14.95,"piecePriceData":{"b2cPrice":14.95,"b2bPrice":13.35},"salesUnit":"Styck","comparativePriceText":"kr/kg","comparativePrice":747.5,"comparativePriceData":{"b2cPrice":747.5,"b2bPrice":667.41},"articleSold":false,"deposit":0.0,"depositData":{"b2cPrice":0.0,"b2bPrice":0.0},"vat":{"code":"vat-full-2","value":12.0,"type":"Percentage"},"animalFoodData":{},"fromSweden":false,"availableOnline":true,"isMagazine":false,"nutrientBasis":{},"originCountry":{"code":"ITALY","value":"Italien"},"replacementCountries":[],"pharmaceuticalData":{"isPharmaceutical":false},"sustainabilityInfoApplicable":true},{"id":"7350116924022","type":"Product","ean":"7350116924022","name":"Shiitake Torkad","manufacturerName":"EAGLOBE","imageUrl":"http://res.cloudinary.com/coopsverige/image/upload/v1716268791/cloud/356096.tiff","listOfIngredients":"Shiitake (Lentinus edodes). Innehåller SULFIT.","navCategories":[{"code":"32474","name":"Svamp","superCategories":[{"code":"32361","name":"Grönsaker","superCategories":[{"code":"16534","name":"Frukt & Grönsaker","superCategories":[]}]}]}],"packageSize":100.0,"packageSizeInformation":"100 g","packageSizeUnit":"Gram","salesPrice":61.95,"salesPriceData":{"b2cPrice":61.95,"b2bPrice":55.31},"piecePrice":61.95,"piecePriceData":{"b2cPrice":61.95,"b2bPrice":55.31},"salesUnit":"Styck","comparativePriceText":"kr/kg","comparativePrice":619.5,"comparativePriceData":{"b2cPrice":619.5,"b2bPrice":553.13},"articleSold":false,"deposit":0.0,"depositData":{"b2cPrice":0.0,"b2bPrice":0.0},"vat":{"code":"vat-full-2","value":12.0,"type":"Percentage"},"nutrientLinks":[{"amount":["1169"],"description":"Energi","unit":"Kilojoule"},{"amount":["280"],"description":"Energi","unit":"Kilokalori"},{"amount":["2.2"],"description":"Fett","unit":"Gram"},{"amount":["0.4"],"description":"Varav mättat fett","unit":"Gram"},{"amount":["26.4"],"description":"Kolhydrat","unit":"Gram"},{"amount":["0.7"],"description":"Varav sockerarter","unit":"Gram"},{"amount":["19.9"],"description":"Fiber","unit":"Gram"},{"amount":["37.6"],"description":"Protein","unit":"Gram"},{"amount":["1.8"],"description":"Salt","unit":"Gram"}],"animalFoodData":{},"fromSweden":false,"availableOnline":true,"countryOfOriginCodes":[{"code":"156","value":"Kina"}],"isMagazine":false,"nutrientBasis":{"quantity":100.0},"pharmaceuticalData":{"isPharmaceutical":false},"nutrientInformation":[{"header":{"nutrientBasisQuantity":100.0,"nutrientBasisQuantityType":"BY_MEASURE","nutrientBasisQuantityUnit":{"code":"GRM","value":"Gram"}}}],"sustainabilityInfoApplicable":true}]}}