{"results":[{"potentialPromotions":[{"applied":false,"campaignType":"GENERAL","lowestHistoricalPrice":null,"offerStatus":null,"productCodes":null,"promotionTheme":{"code":"Z084","visible":null},"textLabelGenerated":"","textLabelManual":null,"price":{"currencyIso":"SEK","value":14.9,"priceType":"BUY","formattedValue":"14,90 kr/kg","minQuantity":null,"maxQuantity":null},"promotionType":"SubtotalOrderPromotion","conditionLabel":"Spara 12,00 kr/kg","rewardLabel":"14,90/kg","textLabel":"","redeemLimitLabel":"Max 5 köp","cartLabel":null,"validUntil":null,"timesUsed":null,"qualifyingCount":null,"comparePrice":"14,90 kr/kg","splashTitleText":"","realMixAndMatch":false,"mainProductCode":"100256170_KG","conditionLabelFormatted":"","promotionRedeemLimit":null,"promotionPercentage":null,"cartLabelFormatted":"","threshold":0.0,"priority":409,"code":"2500260097"}],"inactivePotentialPromotions":[],"priceValue":26.9,"price":"26,90 kr/kg","image":{"imageType":"PRIMARY","format":"product","url":"https://assets.axfood.se/image/upload/f_auto,t_200/02359734400005_C1L0_s01","altText":null,"galleryIndex":null,"width":null},"ranking":320.82755050898,"depositPrice":"","averageWeight":1.4,"comparePrice":"26,90 kr","comparePriceUnit":"kg","isDrugProduct":false,"solrSearchScore":1.0,"energyDeclaration":null,"newsSplashProduct":false,"notAllowedB2b":false,"notAllowedAnonymous":false,"productLine2":"ca: 1.4kg","pickupProductLine2":"ca: 1.4kg","priceUnit":"kr/kg","priceNoUnit":"26,90","savingsAmount":12.0,"googleAnalyticsCategory":"","gdprTrackingIncompliant":false,"nicotineMedicalProduct":false,"tobaccoFreeNicotineProduct":false,"nonEkoProduct":false,"precautionaryStatements":[],"hazards":[],"tobaccoProduct":false,"showGoodPriceIcon":false,"labels":["keyhole"],"seoDescription":"","seoTitle":"","manufacturer":null,"incrementValue":1.0,"productBasketType":{"code":"ST","type":"ProductBasketTypeEnum"},"bargainProduct":false,"addToCartMessage":"","thumbnail":{"imageType":"PRIMARY","format":"thumbnail","url":"https://assets.axfood.se/image/upload/f_auto,t_100/02359734400005_C1L0_s01","altText":null,"galleryIndex":null,"width":null},"outOfStock":false,"online":true,"displayVolume":"ca: 1.4kg","addToCartDisabled":false,"name":"Honungsmelon Klass 1","code":"100256170_KG"},{"potentialPromotions":[{"applied":false,"campaignType":"GENERAL","lowestHistoricalPrice":null,"offerStatus":null,"productCodes":null,"promotionTheme":{"code":"Z084","visible":null},"textLabelGenerated":"","textLabelManual":null,"price":{"currencyIso":"SEK","value":29.9,"priceType":"BUY","formattedValue":"29,90 kr/kg","minQuantity":null,"maxQuantity":null},"promotionType":"SubtotalOrderPromotion","conditionLabel":"Spara 18,00 kr/kg","rewardLabel":"29,90/kg","textLabel":"","redeemLimitLabel":"Max 3 köp","cartLabel":null,"validUntil":null,"timesUsed":null,"qualifyingCount":null,"comparePrice":"29,90 kr/kg","splashTitleText":"","realMixAndMatch":false,"mainProductCode":"100257703_KG","conditionLabelFormatted":"","promotionRedeemLimit":null,"promotionPercentage":null,"cartLabelFormatted":"","threshold":0.0,"priority":409,"code":"2500260090"}],"inactivePotentialPromotions":[],"priceValue":47.9,"price":"47,90 kr/kg","image":{"imageType":"PRIMARY","format":"product","url":"https://assets.axfood.se/image/upload/f_auto,t_200/07311042000303_C1N0_s01","altText":null,"galleryIndex":null,"width":null},"ranking":320.30754985362,"depositPrice":"","averageWeight":0.18,"comparePrice":"47,90 kr","comparePriceUnit":"kg","isDrugProduct":false,"solrSearchScore":1.0,"energyDeclaration":null,"newsSplashProduct":false,"notAllowedB2b":false,"notAllowedAnonymous":false,"productLine2":"ca: 180g","pickupProductLine2":"ca: 180g","priceUnit":"kr/kg","priceNoUnit":"47,90","savingsAmount":18.0,"googleAnalyticsCategory":"","gdprTrackingIncompliant":false,"nicotineMedicalProduct":false,"tobaccoFreeNicotineProduct":false,"nonEkoProduct":false,"precautionaryStatements":[],"hazards":[],"tobaccoProduct":false,"showGoodPriceIcon":false,"labels":["keyhole"],"seoDescription":"","seoTitle":"","manufacturer":null,"incrementValue":1.0,"productBasketType":{"code":"ST","type":"ProductBasketTypeEnum"},"bargainProduct":false,"addToCartMessage":"","thumbnail":{"imageType":"PRIMARY","format":"thumbnail","url":"https://assets.axfood.se/image/upload/f_auto,t_100/07311042000303_C1N0_s01","altText":null,"galleryIndex":null,"width":null},"outOfStock":false,"online":true,"displayVolume":"ca: 180g","addToCartDisabled":false,"name":"Nektarin Klass 1","code":"101017668_KG"},{"potentialPromotions":[{"applied":false,"campaignType":"GENERAL","lowestHistoricalPrice":null,"offerStatus":null,"productCodes":null,"promotionTheme":{"code":"Z084","visible":null},"textLabelGenerated":"","textLabelManual":null,"price":{"currencyIso":"SEK","value":29.9,"priceType":"BUY","formattedValue":"29,90 kr/kg","minQuantity":null,"maxQuantity":null},"promotionType":"SubtotalOrderPromotion","conditionLabel":"Spara 18,00 kr/kg","rewardLabel":"29,90/kg","textLabel":"","redeemLimitLabel":"Max 3 köp","cartLabel":null,"validUntil":null,"timesUsed":null,"qualifyingCount":null,"comparePrice":"29,90 kr/kg","splashTitleText":"","realMixAndMatch":false,"mainProductCode":"100257703_KG","conditionLabelFormatted":"","promotionRedeemLimit":null,"promotionPercentage":null,"cartLabelFormatted":"","threshold":0.0,"priority":409,"code":"2500260090"}],"inactivePotentialPromotions":[],"priceValue":47.9,"price":"47,90 kr/kg","image":{"imageType":"PRIMARY","format":"product","url":"https://assets.axfood.se/image/upload/f_auto,t_200/07311042000112_C1N0_s01","altText":null,"galleryIndex":null,"width":null},"ranking":320.30754985362,"depositPrice":"","averageWeight":0.125,"comparePrice":"47,90 kr","comparePriceUnit":"kg","isDrugProduct":false,"solrSearchScore":1.0,"energyDeclaration":null,"newsSplashProduct":false,"notAllowedB2b":false,"notAllowedAnonymous":false,"productLine2":"ca: 125g","pickupProductLine2":"ca: 125g","priceUnit":"kr/kg","priceNoUnit":"47,90","savingsAmount":18.0,"googleAnalyticsCategory":"","gdprTrackingIncompliant":false,"nicotineMedicalProduct":false,"tobaccoFreeNicotineProduct":false,"nonEkoProduct":false,"precautionaryStatements":[],"hazards":[],"tobaccoProduct":false,"showGoodPriceIcon":false,"labels":["keyhole"],"seoDescription":"","seoTitle":"","manufacturer":null,"incrementValue":1.0,"productBasketType":{"code":"ST","type":"ProductBasketTypeEnum"},"bargainProduct":false,"addToCartMessage":"","thumbnail":{"imageType":"PRIMARY","format":"thumbnail","url":"https://assets.axfood.se/image/upload/f_auto,t_100/07311042000112_C1N0_s01","altText":null,"galleryIndex":null,"width":null},"outOfStock":false,"online":true,"displayVolume":"ca: 125g","addToCartDisabled":false,"name":"Persika Klass 1","code":"100257703_KG"},{"potentialPromotions":[{"applied":false,"campaignType":"GENERAL","lowestHistoricalPrice":null,"offerStatus":null,"productCodes":["100151149_ST"],"promotionTheme":{"code":"Z084","visible":null},"textLabelGenerated":"","textLabelManual":null,"price":{"currencyIso":"SEK","value":9.9,"priceType":"BUY","formattedValue":"9,90 kr","minQuantity":null,"maxQuantity":null},"promotionType":"MixMatchPricePromotion","conditionLabel":"Spara 2,00 kr/st","rewardLabel":"9,90/st","textLabel":"","redeemLimitLabel":"","cartLabel":null,"validUntil":null,"timesUsed":null,"qualifyingCount":1,"comparePrice":"39,60 kr","splashTitleText":"","realMixAndMatch":false,"mainProductCode":"100151149_ST","conditionLabelFormatted":"","promotionRedeemLimit":null,"promotionPercentage":null,"cartLabelFormatted":"","threshold":null,"priority":408,"code":"2500260152"}],"inactivePotentialPromotions":[],"priceValue":11.9,"price":"11,90 kr","image":{"imageType":"PRIMARY","format":"product","url":"https://assets.axfood.se/image/upload/f_auto,t_200/07311042001843_C1N0_s01","altText":null,"galleryIndex":null,"width":null},"ranking":320.29755149202,"depositPrice":"","averageWeight":null,"comparePrice":"47,60 kr","comparePriceUnit":"kg","isDrugProduct":false,"solrSearchScore":1.0,"energyDeclaration":null,"newsSplashProduct":false,"notAllowedB2b":false,"notAllowedAnonymous":false,"productLine2":"ca250g","pickupProductLine2":"ca250g","priceUnit":"kr/st","priceNoUnit":"11,90","savingsAmount":2.0,"googleAnalyticsCategory":"","gdprTrackingIncompliant":false,"nicotineMedicalProduct":false,"tobaccoFreeNicotineProduct":false,"nonEkoProduct":false,"precautionaryStatements":[],"hazards":[],"tobaccoProduct":false,"showGoodPriceIcon":false,"labels":["keyhole"],"seoDescription":"","seoTitle":"","manufacturer":null,"incrementValue":1.0,"productBasketType":{"code":"ST","type":"ProductBasketTypeEnum"},"bargainProduct":false,"addToCartMessage":"","thumbnail":{"imageType":"PRIMARY","format":"thumbnail","url":"https://assets.axfood.se/image/upload/f_auto,t_100/07311042001843_C1N0_s01","altText":null,"galleryIndex":null,"width":null},"outOfStock":false,"online":true,"displayVolume":"ca250g","addToCartDisabled":false,"name":"Rädisor Röda i Bunt","code":"100151149_ST"},{"potentialPromotions":[{"applied":false,"campaignType":"GENERAL","lowestHistoricalPrice":null,"offerStatus":null,"productCodes":["100459433_ST"],"promotionTheme":{"code":"Z084","visible":null},"textLabelGenerated":"","textLabelManual":null,"price":{"currencyIso":"SEK","value":14.9,"priceType":"BUY","formattedValue":"14,90 kr","minQuantity":null,"maxQuantity":null},"promotionType":"MixMatchPricePromotion","conditionLabel":"Spara 4,00 kr/st","rewardLabel":"14,90/st","textLabel":"","redeemLimitLabel":"","cartLabel":null,"validUntil":null,"timesUsed":null,"qualifyingCount":1,"comparePrice":"149,00 kr","splashTitleText":"","realMixAndMatch":false,"mainProductCode":"100459433_ST","conditionLabelFormatted":"","promotionRedeemLimit":null,"promotionPercentage":null,"cartLabelFormatted":"","threshold":null,"priority":408,"code":"2500260132"}],"inactivePotentialPromotions":[],"priceValue":18.9,"price":"18,90 kr","image":{"imageType":"PRIMARY","format":"product","url":"https://assets.axfood.se/image/upload/f_auto,t_200/07311042009337_C1N1_s01","altText":null,"galleryIndex":null,"width":null},"ranking":320.28755247506,"depositPrice":"","averageWeight":null,"comparePrice":"189,00 kr","comparePriceUnit":"kg","isDrugProduct":false,"solrSearchScore":1.0,"energyDeclaration":null,"newsSplashProduct":false,"notAllowedB2b":false,"notAllowedAnonymous":false,"productLine2":"ca100g","pickupProductLine2":"ca100g","priceUnit":"kr/st","priceNoUnit":"18,90","savingsAmount":4.0,"googleAnalyticsCategory":"","gdprTrackingIncompliant":false,"nicotineMedicalProduct":false,"tobaccoFreeNicotineProduct":false,"nonEkoProduct":false,"precautionaryStatements":[],"hazards":[],"tobaccoProduct":false,"showGoodPriceIcon":false,"labels":["ecological","swedish_flag","from_sweden","eu_ecological","keyhole"],"seoDescription":"","seoTitle":"","manufacturer":null,"incrementValue":1.0,"productBasketType":{"code":"ST","type":"ProductBasketTypeEnum"},"bargainProduct":false,"addToCartMessage":"","thumbnail":{"imageType":"PRIMARY","format":"thumbnail","url":"https://assets.axfood.se/image/upload/f_auto,t_100/07311042009337_C1N1_s01","altText":null,"galleryIndex":null,"width":null},"outOfStock":false,"online":true,"displayVolume":"ca100g","addToCartDisabled":false,"name":"Basilika i Kruka Ekologisk","code":"100459433_ST"},{"potentialPromotions":[{"applied":false,"campaignType":"GENERAL","lowestHistoricalPrice":null,"offerStatus":null,"productCodes":["100773272_ST"],"promotionTheme":{"code":"Z084","visible":null},"textLabelGenerated":"","textLabelManual":null,"price":{"currencyIso":"SEK","value":9.9,"priceType":"BUY","formattedValue":"9,90 kr","minQuantity":null,"maxQuantity":null},"promotionType":"MixMatchPricePromotion","conditionLabel":"Spara 3,00 kr/st","rewardLabel":"9,90/st","textLabel":"","redeemLimitLabel":"","cartLabel":null,"validUntil":null,"timesUsed":null,"qualifyingCount":1,"comparePrice":"33,00 kr","splashTitleText":"","realMixAndMatch":false,"mainProductCode":"100773272_ST","conditionLabelFormatted":"","promotionRedeemLimit":null,"promotionPercentage":null,"cartLabelFormatted":"","threshold":null,"priority":408,"code":"2500260150"}],"inactivePotentialPromotions":[],"priceValue":12.9,"price":"12,90 kr","image":{"imageType":"PRIMARY","format":"product","url":"https://assets.axfood.se/image/upload/f_auto,t_200/07311042000648_C1N0_s01","altText":null,"galleryIndex":null,"width":null},"ranking":320.27755116434,"depositPrice":"","averageWeight":null,"comparePrice":"43,00 kr","comparePriceUnit":"kg","isDrugProduct":false,"solrSearchScore":1.0,"energyDeclaration":null,"newsSplashProduct":false,"notAllowedB2b":false,"notAllowedAnonymous":false,"productLine2":"ca300g","pickupProductLine2":"ca300g","priceUnit":"kr/st","priceNoUnit":"12,90","savingsAmount":3.0,"googleAnalyticsCategory":"","gdprTrackingIncompliant":false,"nicotineMedicalProduct":false,"tobaccoFreeNicotineProduct":false,"nonEkoProduct":false,"precautionaryStatements":[],"hazards":[],"tobaccoProduct":false,"showGoodPriceIcon":false,"labels":["keyhole"],"seoDescription":"","seoTitle":"","manufacturer":null,"incrementValue":1.0,"productBasketType":{"code":"ST","type":"ProductBasketTypeEnum"},"bargainProduct":false,"addToCartMessage":"","thumbnail":{"imageType":"PRIMARY","format":"thumbnail","url":"https://assets.axfood.se/image/upload/f_auto,t_100/07311042000648_C1N0_s01","altText":null,"galleryIndex":null,"width":null},"outOfStock":false,"online":true,"displayVolume":"ca300g","addToCartDisabled":false,"name":"Aubergine Klass 1","code":"100773272_ST"},{"potentialPromotions":[{"applied":false,"campaignType":"GENERAL","lowestHistoricalPrice":null,"offerStatus":null,"productCodes":["100816306_ST"],"promotionTheme":{"code":"Z084","visible":null},"textLabelGenerated":"","textLabelManual":null,"price":{"currencyIso":"SEK","value":9.9,"priceType":"BUY","formattedValue":"9,90 kr","minQuantity":null,"maxQuantity":null},"promotionType":"MixMatchPricePromotion","conditionLabel":"Spara 9,00 kr/st","rewardLabel":"9,90/st","textLabel":"","redeemLimitLabel":"Max 5 köp","cartLabel":null,"validUntil":null,"timesUsed":null,"qualifyingCount":1,"comparePrice":"49,50 kr","splashTitleText":"","realMixAndMatch":false,"mainProductCode":"100816306_ST","conditionLabelFormatted":"","promotionRedeemLimit":null,"promotionPercentage":null,"cartLabelFormatted":"","threshold":null,"priority":408,"code":"2500260147"}],"inactivePotentialPromotions":[],"priceValue":18.9,"price":"18,90 kr","image":{"imageType":"PRIMARY","format":"product","url":"https://assets.axfood.se/image/upload/f_auto,t_200/07311042001683_C1N1_s01","altText":null,"galleryIndex":null,"width":null},"ranking":320.26755083666,"depositPrice":"","averageWeight":null,"comparePrice":"94,50 kr","comparePriceUnit":"kg","isDrugProduct":false,"solrSearchScore":1.0,"energyDeclaration":null,"newsSplashProduct":false,"notAllowedB2b":false,"notAllowedAnonymous":false,"productLine2":"200g","pickupProductLine2":"200g","priceUnit":"kr/st","priceNoUnit":"18,90","savingsAmount":9.0,"googleAnalyticsCategory":"","gdprTrackingIncompliant":false,"nicotineMedicalProduct":false,"tobaccoFreeNicotineProduct":false,"nonEkoProduct":false,"precautionaryStatements":[],"hazards":[],"tobaccoProduct":false,"showGoodPriceIcon":false,"labels":["keyhole"],"seoDescription":"","seoTitle":"","manufacturer":null,"incrementValue":1.0,"productBasketType":{"code":"ST","type":"ProductBasketTypeEnum"},"bargainProduct":false,"addToCartMessage":"","thumbnail":{"imageType":"PRIMARY","format":"thumbnail","url":"https://assets.axfood.se/image/upload/f_auto,t_100/07311042001683_C1N1_s01","altText":null,"galleryIndex":null,"width":null},"outOfStock":false,"online":true,"displayVolume":"200g","addToCartDisabled":false,"name":"Spetspaprika Röd Klass 1","code":"100816306_ST"},{"potentialPromotions":[{"applied":false,"campaignType":"GENERAL","lowestHistoricalPrice":null,"offerStatus":null,"productCodes":["100819633_ST"],"promotionTheme":{"code":"Z084","visible":null},"textLabelGenerated":"","textLabelManual":null,"price":{"currencyIso":"SEK","value":14.9,"priceType":"BUY","formattedValue":"14,90 kr","minQuantity":null,"maxQuantity":null},"promotionType":"MixMatchPricePromotion","conditionLabel":"Spara 15,00 kr/st","rewardLabel":"14,90/st","textLabel":"","redeemLimitLabel":"Max 5 köp","cartLabel":null,"validUntil":null,"timesUsed":null,"qualifyingCount":1,"comparePrice":"29,80 kr","splashTitleText":"","realMixAndMatch":false,"mainProductCode":"100819633_ST","conditionLabelFormatted":"","promotionRedeemLimit":null,"promotionPercentage":null,"cartLabelFormatted":"","threshold":null,"priority":408,"code":"2500260154"}],"inactivePotentialPromotions":[],"priceValue":29.9,"price":"29,90 kr","image":{"imageType":"PRIMARY","format":"product","url":"https://assets.axfood.se/image/upload/f_auto,t_200/07311042002253_C1N1_s01","altText":null,"galleryIndex":null,"width":null},"ranking":320.2575501813,"depositPrice":"","averageWeight":null,"comparePrice":"59,80 kr","comparePriceUnit":"kg","isDrugProduct":false,"solrSearchScore":1.0,"energyDeclaration":null,"newsSplashProduct":false,"notAllowedB2b":false,"notAllowedAnonymous":false,"productLine2":"500g","pickupProductLine2":"500g","priceUnit":"kr/st","priceNoUnit":"29,90","savingsAmount":15.0,"googleAnalyticsCategory":"","gdprTrackingIncompliant":false,"nicotineMedicalProduct":false,"tobaccoFreeNicotineProduct":false,"nonEkoProduct":false,"precautionaryStatements":[],"hazards":[],"tobaccoProduct":false,"showGoodPriceIcon":false,"labels":["keyhole"],"seoDescription":"","seoTitle":"","manufacturer":null,"incrementValue":1.0,"productBasketType":{"code":"ST","type":"ProductBasketTypeEnum"},"bargainProduct":false,"addToCartMessage":"","thumbnail":{"imageType":"PRIMARY","format":"thumbnail","url":"https://assets.axfood.se/image/upload/f_auto,t_100/07311042002253_C1N1_s01","altText":null,"galleryIndex":null,"width":null},"outOfStock":false,"online":true,"displayVolume":"500g","addToCartDisabled":false,"name":"Cocktailtomat Kvist Klass 1","code":"100819633_ST"},{"potentialPromotions":[{"applied":false,"campaignType":"GENERAL","lowestHistoricalPrice":null,"offerStatus":null,"productCodes":null,"promotionTheme":{"code":"Z088","visible":null},"textLabelGenerated":"","textLabelManual":null,"price":{"currencyIso":"SEK","value":19.900000000000002,"priceType":"BUY","formattedValue":"19,90 kr/kg","minQuantity":null,"maxQuantity":null},"promotionType":"SubtotalOrderPromotion","conditionLabel":"Spara 15,00 kr/kg","rewardLabel":"19,90/kg","textLabel":"","redeemLimitLabel":"","cartLabel":null,"validUntil":null,"timesUsed":null,"qualifyingCount":null,"comparePrice":"19,90 kr/kg","splashTitleText":"","realMixAndMatch":false,"mainProductCode":"101249333_KG","conditionLabelFormatted":"","promotionRedeemLimit":null,"promotionPercentage":null,"cartLabelFormatted":"","threshold":0.0,"priority":409,"code":"2500263233"}],"inactivePotentialPromotions":[],"priceValue":34.9,"price":"34,90 kr/kg","image":{"imageType":"PRIMARY","format":"product","url":"https://assets.axfood.se/image/upload/f_auto,t_200/02359734800003_C1L0_s01","altText":null,"galleryIndex":null,"width":null},"ranking":1.0,"depositPrice":"","averageWeight":0.36,"comparePrice":"34,90 kr","comparePriceUnit":"kg","isDrugProduct":false,"solrSearchScore":1.0,"energyDeclaration":null,"newsSplashProduct":false,"notAllowedB2b":false,"notAllowedAnonymous":false,"productLine2":"ca: 360g","pickupProductLine2":"ca: 360g","priceUnit":"kr/kg","priceNoUnit":"34,90","savingsAmount":14.999999999999998,"googleAnalyticsCategory":"","gdprTrackingIncompliant":false,"nicotineMedicalProduct":false,"tobaccoFreeNicotineProduct":false,"nonEkoProduct":false,"precautionaryStatements":[],"hazards":[],"tobaccoProduct":false,"showGoodPriceIcon":false,"labels":["keyhole"],"seoDescription":"","seoTitle":"","manufacturer":null,"incrementValue":1.0,"productBasketType":{"code":"ST","type":"ProductBasketTypeEnum"},"bargainProduct":false,"addToCartMessage":"","thumbnail":{"imageType":"PRIMARY","format":"thumbnail","url":"https://assets.axfood.se/image/upload/f_auto,t_100/02359734800003_C1L0_s01","altText":null,"galleryIndex":null,"width":null},"outOfStock":false,"online":true,"displayVolume":"ca: 360g","addToCartDisabled":false,"name":"Purjolök Klass 1","code":"101249333_KG"},{"potentialPromotions":[{"applied":false,"campaignType":"GENERAL","lowestHistoricalPrice":null,"offerStatus":null,"productCodes":["101266454_ST"],"promotionTheme":{"code":"Z088","visible":null},"textLabelGenerated":"","textLabelManual":null,"price":{"currencyIso":"SEK","value":19.9,"priceType":"BUY","formattedValue":"19,90 kr","minQuantity":null,"maxQuantity":null},"promotionType":"MixMatchPricePromotion","conditionLabel":"Spara 5,00 kr/st","rewardLabel":"19,90/st","textLabel":"","redeemLimitLabel":"","cartLabel":null,"validUntil":null,"timesUsed":null,"qualifyingCount":1,"comparePrice":"99,50 kr","splashTitleText":"","realMixAndMatch":false,"mainProductCode":"101266454_ST","conditionLabelFormatted":"","promotionRedeemLimit":null,"promotionPercentage":null,"cartLabelFormatted":"","threshold":null,"priority":408,"code":"2500263223"}],"inactivePotentialPromotions":[],"priceValue":24.9,"price":"24,90 kr","image":{"imageType":"PRIMARY","format":"product","url":"https://assets.axfood.se/image/upload/f_auto,t_200/07311042006381_C1R1_s01","altText":null,"galleryIndex":null,"width":null},"ranking":1.0,"depositPrice":"","averageWeight":null,"comparePrice":"124,50 kr","comparePriceUnit":"kg","isDrugProduct":false,"solrSearchScore":1.0,"energyDeclaration":null,"newsSplashProduct":false,"notAllowedB2b":false,"notAllowedAnonymous":false,"productLine2":"200g","pickupProductLine2":"200g","priceUnit":"kr/st","priceNoUnit":"24,90","savingsAmount":5.0,"googleAnalyticsCategory":"","gdprTrackingIncompliant":false,"nicotineMedicalProduct":false,"tobaccoFreeNicotineProduct":false,"nonEkoProduct":false,"precautionaryStatements":[],"hazards":[],"tobaccoProduct":false,"showGoodPriceIcon":false,"labels":["keyhole"],"seoDescription":"","seoTitle":"","manufacturer":null,"incrementValue":1.0,"productBasketType":{"code":"ST","type":"ProductBasketTypeEnum"},"bargainProduct":false,"addToCartMessage":"","thumbnail":{"imageType":"PRIMARY","format":"thumbnail","url":"https://assets.axfood.se/image/upload/f_auto,t_100/07311042006381_C1R1_s01","altText":null,"galleryIndex":null,"width":null},"outOfStock":false,"online":true,"displayVolume":"200g","addToCartDisabled":false,"name":"Padronpaprika Klass 1","code":"101266454_ST"},{"potentialPromotions":[{"applied":false,"campaignType":"GENERAL","lowestHistoricalPrice":null,"offerStatus":null,"productCodes":["101771311_ST"],"promotionTheme":{"code":"Z088","visible":null},"textLabelGenerated":"","textLabelManual":null,"price":{"currencyIso":"SEK","value":9.9,"priceType":"BUY","formattedValue":"9,90 kr","minQuantity":null,"maxQuantity":null},"promotionType":"MixMatchPricePromotion","conditionLabel":"Spara 7,00 kr/st","rewardLabel":"9,90/st","textLabel":"","redeemLimitLabel":"","cartLabel":null,"validUntil":null,"timesUsed":null,"qualifyingCount":1,"comparePrice":"49,50 kr","splashTitleText":"","realMixAndMatch":false,"mainProductCode":"101771311_ST","conditionLabelFormatted":"","promotionRedeemLimit":null,"promotionPercentage":null,"cartLabelFormatted":"","threshold":null,"priority":408,"code":"2500263232"}],"inactivePotentialPromotions":[],"priceValue":16.9,"price":"16,90 kr","image":{"imageType":"PRIMARY","format":"product","url":"https://assets.axfood.se/image/upload/f_auto,t_200/07311042016342_C1N1_s01","altText":null,"galleryIndex":null,"width":null},"ranking":1.0,"depositPrice":"","averageWeight":null,"comparePrice":"84,50 kr","comparePriceUnit":"kg","isDrugProduct":false,"solrSearchScore":1.0,"energyDeclaration":null,"newsSplashProduct":false,"notAllowedB2b":false,"notAllowedAnonymous":false,"productLine2":"200g","pickupProductLine2":"200g","priceUnit":"kr/st","priceNoUnit":"16,90","savingsAmount":7.0,"googleAnalyticsCategory":"","gdprTrackingIncompliant":false,"nicotineMedicalProduct":false,"tobaccoFreeNicotineProduct":false,"nonEkoProduct":false,"precautionaryStatements":[],"hazards":[],"tobaccoProduct":false,"showGoodPriceIcon":false,"labels":["swedish_flag"],"seoDescription":"","seoTitle":"","manufacturer":null,"incrementValue":1.0,"productBasketType":{"code":"ST","type":"ProductBasketTypeEnum"},"bargainProduct":false,"addToCartMessage":"","thumbnail":{"imageType":"PRIMARY","format":"thumbnail","url":"https://assets.axfood.se/image/upload/f_auto,t_100/07311042016342_C1N1_s01","altText":null,"galleryIndex":null,"width":null},"outOfStock":false,"online":true,"displayVolume":"200g","addToCartDisabled":false,"name":"Romansallad Klass 1","code":"101771311_ST"},{"potentialPromotions":[],"inactivePotentialPromotions":[],"priceValue":23.9,"price":"23,90 kr/kg","image":{"imageType":"PRIMARY","format":"product","url":"https://assets.axfood.se/image/upload/f_auto,t_200/07311042002499_C1N1_s01","altText":null,"galleryIndex":null,"width":null},"ranking":0.0,"depositPrice":"","averageWeight":0.18,"comparePrice":"23,90 kr","comparePriceUnit":"kg","isDrugProduct":false,"solrSearchScore":1.0,"energyDeclaration":null,"newsSplashProduct":false,"notAllowedB2b":false,"notAllowedAnonymous":false,"productLine2":"ca: 180g","pickupProductLine2":"ca: 180g","priceUnit":"kr/kg","priceNoUnit":"23,90","savingsAmount":null,"googleAnalyticsCategory":"","gdprTrackingIncompliant":false,"nicotineMedicalProduct":false,"tobaccoFreeNicotineProduct":false,"nonEkoProduct":false,"precautionaryStatements":[],"hazards":[],"tobaccoProduct":false,"showGoodPriceIcon":false,"labels":["rainforest_alliance","keyhole","environmental_facet"],"seoDescription":"","seoTitle":"","manufacturer":null,"incrementValue":1.0,"productBasketType":{"code":"ST","type":"ProductBasketTypeEnum"},"bargainProduct":false,"addToCartMessage":"","thumbnail":{"imageType":"PRIMARY","format":"thumbnail","url":"https://assets.axfood.se/image/upload/f_auto,t_100/07311042002499_C1N1_s01","altText":null,"galleryIndex":null,"width":null},"outOfStock":false,"online":true,"displayVolume":"ca: 180g","addToCartDisabled":false,"name":"Banan Klass 1","code":"100254920_KG"},{"potentialPromotions":[],"inactivePotentialPromotions":[],"priceValue":18.9,"price":"18,90 kr/kg","image":{"imageType":"PRIMARY","format":"product","url":"https://assets.axfood.se/image/upload/f_auto,t_200/07311042002512_C1N0_s01","altText":null,"galleryIndex":null,"width":null},"ranking":0.0,"depositPrice":"","averageWeight":0.085,"comparePrice":"18,90 kr","comparePriceUnit":"kg","isDrugProduct":false,"solrSearchScore":1.0,"energyDeclaration":null,"newsSplashProduct":false,"notAllowedB2b":false,"notAllowedAnonymous":false,"productLine2":"","pickupProductLine2":"","priceUnit":"kr/kg","priceNoUnit":"18,90","savingsAmount":null,"googleAnalyticsCategory":"","gdprTrackingIncompliant":false,"nicotineMedicalProduct":false,"tobaccoFreeNicotineProduct":false,"nonEkoProduct":false,"precautionaryStatements":[],"hazards":[],"tobaccoProduct":false,"showGoodPriceIcon":false,"labels":["swedish_flag","keyhole"],"seoDescription":"","seoTitle":"","manufacturer":null,"incrementValue":0.1,"productBasketType":{"code":"VIKT","type":"ProductBasketTypeEnum"},"bargainProduct":false,"addToCartMessage":"","thumbnail":{"imageType":"PRIMARY","format":"thumbnail","url":"https://assets.axfood.se/image/upload/f_auto,t_100/07311042002512_C1N0_s01","altText":null,"galleryIndex":null,"width":null},"outOfStock":false,"online":true,"displayVolume":"","addToCartDisabled":false,"name":"Färskpotatis Tvättad Klass 1","code":"100026865_KG"},{"potentialPromotions":[],"inactivePotentialPromotions":[],"priceValue":29.9,"price":"29,90 kr/kg","image":{"imageType":"PRIMARY","format":"product","url":"https://assets.axfood.se/image/upload/f_auto,t_200/07311042002215_C1N0_s01","altText":null,"galleryIndex":null,"width":null},"ranking":0.0,"depositPrice":"","averageWeight":0.165,"comparePrice":"29,90 kr","comparePriceUnit":"kg","isDrugProduct":false,"solrSearchScore":1.0,"energyDeclaration":null,"newsSplashProduct":false,"notAllowedB2b":false,"notAllowedAnonymous":false,"productLine2":"ca: 165g","pickupProductLine2":"ca: 165g","priceUnit":"kr/kg","priceNoUnit":"29,90","savingsAmount":null,"googleAnalyticsCategory":"","gdprTrackingIncompliant":false,"nicotineMedicalProduct":false,"tobaccoFreeNicotineProduct":false,"nonEkoProduct":false,"precautionaryStatements":[],"hazards":[],"tobaccoProduct":false,"showGoodPriceIcon":false,"labels":["keyhole"],"seoDescription":"","seoTitle":"","manufacturer":null,"incrementValue":1.0,"productBasketType":{"code":"ST","type":"ProductBasketTypeEnum"},"bargainProduct":false,"addToCartMessage":"","thumbnail":{"imageType":"PRIMARY","format":"thumbnail","url":"https://assets.axfood.se/image/upload/f_auto,t_100/07311042002215_C1N0_s01","altText":null,"galleryIndex":null,"width":null},"outOfStock":false,"online":true,"displayVolume":"ca: 165g","addToCartDisabled":false,"name":"Kvisttomat Import Klass 1","code":"100152282_KG"},{"potentialPromotions":[],"inactivePotentialPromotions":[],"priceValue":25.9,"price":"25,90 kr/kg","image":{"imageType":"PRIMARY","format":"product","url":"https://assets.axfood.se/image/upload/f_auto,t_200/02359734300008_C1C1_s01","altText":null,"galleryIndex":null,"width":null},"ranking":0.0,"depositPrice":"","averageWeight":0.6,"comparePrice":"25,90 kr","comparePriceUnit":"kg","isDrugProduct":false,"solrSearchScore":1.0,"energyDeclaration":null,"newsSplashProduct":false,"notAllowedB2b":false,"notAllowedAnonymous":false,"productLine2":"ca: 600g","pickupProductLine2":"ca: 600g","priceUnit":"kr/kg","priceNoUnit":"25,90","savingsAmount":null,"googleAnalyticsCategory":"","gdprTrackingIncompliant":false,"nicotineMedicalProduct":false,"tobaccoFreeNicotineProduct":false,"nonEkoProduct":false,"precautionaryStatements":[],"hazards":[],"tobaccoProduct":false,"showGoodPriceIcon":false,"labels":["swedish_flag","keyhole"],"seoDescription":"","seoTitle":"","manufacturer":null,"incrementValue":1.0,"productBasketType":{"code":"ST","type":"ProductBasketTypeEnum"},"bargainProduct":false,"addToCartMessage":"","thumbnail":{"imageType":"PRIMARY","format":"thumbnail","url":"https://assets.axfood.se/image/upload/f_auto,t_100/02359734300008_C1C1_s01","altText":null,"galleryIndex":null,"width":null},"outOfStock":false,"online":true,"displayVolume":"ca: 600g","addToCartDisabled":false,"name":"Sallad Isberg Klass 1","code":"100151407_KG"},{"potentialPromotions":[],"inactivePotentialPromotions":[],"priceValue":26.9,"price":"26,90 kr/kg","image":{"imageType":"PRIMARY","format":"product","url":"https://assets.axfood.se/image/upload/f_auto,t_200/07311042002482_C1N1_s03","altText":null,"galleryIndex":null,"width":null},"ranking":0.0,"depositPrice":"","averageWeight":1.0,"comparePrice":"26,90 kr","comparePriceUnit":"kg","isDrugProduct":false,"solrSearchScore":1.0,"energyDeclaration":null,"newsSplashProduct":false,"notAllowedB2b":false,"notAllowedAnonymous":false,"productLine2":"ca: 1kg","pickupProductLine2":"ca: 1kg","priceUnit":"kr/kg","priceNoUnit":"26,90","savingsAmount":null,"googleAnalyticsCategory":"","gdprTrackingIncompliant":false,"nicotineMedicalProduct":false,"tobaccoFreeNicotineProduct":false,"nonEkoProduct":false,"precautionaryStatements":[],"hazards":[],"tobaccoProduct":false,"showGoodPriceIcon":false,"labels":["ecological","krav","fairtrade","eu_ecological","keyhole","fairtrade_facet"],"seoDescription":"","seoTitle":"","manufacturer":null,"incrementValue":1.0,"productBasketType":{"code":"ST","type":"ProductBasketTypeEnum"},"bargainProduct":false,"addToCartMessage":"","thumbnail":{"imageType":"PRIMARY","format":"thumbnail","url":"https://assets.axfood.se/image/upload/f_auto,t_100/07311042002482_C1N1_s03","altText":null,"galleryIndex":null,"width":null},"outOfStock":false,"online":true,"displayVolume":"ca: 1kg","addToCartDisabled":false,"name":"Banan Fairtrade Klass 1 Eko Klase","code":"100068089_KG"},{"potentialPromotions":[],"inactivePotentialPromotions":[],"priceValue":24.9,"price":"24,90 kr/kg","image":{"imageType":"PRIMARY","format":"product","url":"https://assets.axfood.se/image/upload/f_auto,t_200/07311042000006_C1N0_s02","altText":null,"galleryIndex":null,"width":null},"ranking":0.0,"depositPrice":"","averageWeight":0.22,"comparePrice":"24,90 kr","comparePriceUnit":"kg","isDrugProduct":false,"solrSearchScore":1.0,"energyDeclaration":null,"newsSplashProduct":false,"notAllowedB2b":false,"notAllowedAnonymous":false,"productLine2":"ca: 220g","pickupProductLine2":"ca: 220g","priceUnit":"kr/kg","priceNoUnit":"24,90","savingsAmount":null,"googleAnalyticsCategory":"","gdprTrackingIncompliant":false,"nicotineMedicalProduct":false,"tobaccoFreeNicotineProduct":false,"nonEkoProduct":false,"precautionaryStatements":[],"hazards":[],"tobaccoProduct":false,"showGoodPriceIcon":false,"labels":["keyhole"],"seoDescription":"","seoTitle":"","manufacturer":null,"incrementValue":1.0,"productBasketType":{"code":"ST","type":"ProductBasketTypeEnum"},"bargainProduct":false,"addToCartMessage":"","thumbnail":{"imageType":"PRIMARY","format":"thumbnail","url":"https://assets.axfood.se/image/upload/f_auto,t_100/07311042000006_C1N0_s02","altText":null,"galleryIndex":null,"width":null},"outOfStock":false,"online":true,"displayVolume":"ca: 220g","addToCartDisabled":false,"name":"Apelsin Klass 1","code":"100126114_KG"},{"potentialPromotions":[],"inactivePotentialPromotions":[],"priceValue":99.0,"price":"99,00 kr/kg","image":{"imageType":"PRIMARY","format":"product","url":"https://assets.axfood.se/image/upload/f_auto,t_200/07311042000143_C1L1_s03","altText":null,"galleryIndex":null,"width":null},"ranking":0.0,"depositPrice":"","averageWeight":0.5,"comparePrice":"99,00 kr","comparePriceUnit":"kg","isDrugProduct":false,"solrSearchScore":1.0,"energyDeclaration":null,"newsSplashProduct":false,"notAllowedB2b":false,"notAllowedAnonymous":false,"productLine2":"ca: 500g","pickupProductLine2":"ca: 500g","priceUnit":"kr/kg","priceNoUnit":"99,00","savingsAmount":null,"googleAnalyticsCategory":"","gdprTrackingIncompliant":false,"nicotineMedicalProduct":false,"tobaccoFreeNicotineProduct":false,"nonEkoProduct":false,"precautionaryStatements":[],"hazards":[],"tobaccoProduct":false,"showGoodPriceIcon":false,"labels":["swedish_flag","from_sweden","keyhole"],"seoDescription":"","seoTitle":"","manufacturer":null,"incrementValue":1.0,"productBasketType":{"code":"ST","type":"ProductBasketTypeEnum"},"bargainProduct":false,"addToCartMessage":"","thumbnail":{"imageType":"PRIMARY","format":"thumbnail","url":"https://assets.axfood.se/image/upload/f_auto,t_100/07311042000143_C1L1_s03","altText":null,"galleryIndex":null,"width":null},"outOfStock":true,"online":true,"displayVolume":"ca: 500g","addToCartDisabled":false,"name":"Jordgubbar Sverige Klass 1","code":"100306731_KG"},{"potentialPromotions":[],"inactivePotentialPromotions":[],"priceValue":13.9,"price":"13,90 kr/kg","image":{"imageType":"PRIMARY","format":"product","url":"https://assets.axfood.se/image/upload/f_auto,t_200/07311042001225_C1C0_s01","altText":null,"galleryIndex":null,"width":null},"ranking":0.0,"depositPrice":"","averageWeight":0.175,"comparePrice":"13,90 kr","comparePriceUnit":"kg","isDrugProduct":false,"solrSearchScore":1.0,"energyDeclaration":null,"newsSplashProduct":false,"notAllowedB2b":false,"notAllowedAnonymous":false,"productLine2":"ca: 175g","pickupProductLine2":"ca: 175g","priceUnit":"kr/kg","priceNoUnit":"13,90","savingsAmount":null,"googleAnalyticsCategory":"","gdprTrackingIncompliant":false,"nicotineMedicalProduct":false,"tobaccoFreeNicotineProduct":false,"nonEkoProduct":false,"precautionaryStatements":[],"hazards":[],"tobaccoProduct":false,"showGoodPriceIcon":false,"labels":["keyhole"],"seoDescription":"","seoTitle":"","manufacturer":null,"incrementValue":1.0,"productBasketType":{"code":"ST","type":"ProductBasketTypeEnum"},"bargainProduct":false,"addToCartMessage":"","thumbnail":{"imageType":"PRIMARY","format":"thumbnail","url":"https://assets.axfood.se/image/upload/f_auto,t_100/07311042001225_C1C0_s01","altText":null,"galleryIndex":null,"width":null},"outOfStock":false,"online":true,"displayVolume":"ca: 175g","addToCartDisabled":false,"name":"Lök Gul Klass 1","code":"100269139_KG"},{"potentialPromotions":[],"inactivePotentialPromotions":[],"priceValue":5.9,"price":"5,90 kr","image":{"imageType":"PRIMARY","format":"product","url":"https://assets.axfood.se/image/upload/f_auto,t_200/07311042000532_C1C0_s01","altText":null,"galleryIndex":null,"width":null},"ranking":0.0,"depositPrice":"","averageWeight":null,"comparePrice":"78,67 kr","comparePriceUnit":"kg","isDrugProduct":false,"solrSearchScore":1.0,"energyDeclaration":null,"newsSplashProduct":false,"notAllowedB2b":false,"notAllowedAnonymous":false,"productLine2":"75g","pickupProductLine2":"75g","priceUnit":"kr/st","priceNoUnit":"5,90","savingsAmount":null,"googleAnalyticsCategory":"","gdprTrackingIncompliant":false,"nicotineMedicalProduct":false,"tobaccoFreeNicotineProduct":false,"nonEkoProduct":false,"precautionaryStatements":[],"hazards":[],"tobaccoProduct":false,"showGoodPriceIcon":false,"labels":["keyhole"],"seoDescription":"","seoTitle":"","manufacturer":null,"incrementValue":1.0,"productBasketType":{"code":"ST","type":"ProductBasketTypeEnum"},"bargainProduct":false,"addToCartMessage":"","thumbnail":{"imageType":"PRIMARY","format":"thumbnail","url":"https://assets.axfood.se/image/upload/f_auto,t_100/07311042000532_C1C0_s01","altText":null,"galleryIndex":null,"width":null},"outOfStock":false,"online":true,"displayVolume":"75g","addToCartDisabled":false,"name":"Lime Klass 1","code":"101200430_ST"},{"potentialPromotions":[],"inactivePotentialPromotions":[],"priceValue":18.9,"price":"18,90 kr/kg","image":{"imageType":"PRIMARY","format":"product","url":"https://assets.axfood.se/image/upload/f_auto,t_200/07311042005704_C1C0_s01","altText":null,"galleryIndex":null,"width":null},"ranking":0.0,"depositPrice":"","averageWeight":1.4,"comparePrice":"18,90 kr","comparePriceUnit":"kg","isDrugProduct":false,"solrSearchScore":1.0,"energyDeclaration":null,"newsSplashProduct":false,"notAllowedB2b":false,"notAllowedAnonymous":false,"productLine2":"ca: 1.4kg","pickupProductLine2":"ca: 1.4kg","priceUnit":"kr/kg","priceNoUnit":"18,90","savingsAmount":null,"googleAnalyticsCategory":"","gdprTrackingIncompliant":false,"nicotineMedicalProduct":false,"tobaccoFreeNicotineProduct":false,"nonEkoProduct":false,"precautionaryStatements":[],"hazards":[],"tobaccoProduct":false,"showGoodPriceIcon":false,"labels":["swedish_flag","keyhole"],"seoDescription":"","seoTitle":"","manufacturer":null,"incrementValue":1.0,"productBasketType":{"code":"ST","type":"ProductBasketTypeEnum"},"bargainProduct":false,"addToCartMessage":"","thumbnail":{"imageType":"PRIMARY","format":"thumbnail","url":"https://assets.axfood.se/image/upload/f_auto,t_100/07311042005704_C1C0_s01","altText":null,"galleryIndex":null,"width":null},"outOfStock":false,"online":true,"displayVolume":"ca: 1.4kg","addToCartDisabled":false,"name":"Vitkål Färsk Klass 1","code":"100152914_KG"},{"potentialPromotions":[],"inactivePotentialPromotions":[],"priceValue":39.9,"price":"39,90 kr/kg","image":{"imageType":"PRIMARY","format":"product","url":"https://assets.axfood.se/image/upload/f_auto,t_200/07311042001478_C1N0_s01","altText":null,"galleryIndex":null,"width":null},"ranking":0.0,"depositPrice":"","averageWeight":0.85,"comparePrice":"39,90 kr","comparePriceUnit":"kg","isDrugProduct":false,"solrSearchScore":1.0,"energyDeclaration":null,"newsSplashProduct":false,"notAllowedB2b":false,"notAllowedAnonymous":false,"productLine2":"ca: 850g","pickupProductLine2":"ca: 850g","priceUnit":"kr/kg","priceNoUnit":"39,90","savingsAmount":null,"googleAnalyticsCategory":"","gdprTrackingIncompliant":false,"nicotineMedicalProduct":false,"tobaccoFreeNicotineProduct":false,"nonEkoProduct":false,"precautionaryStatements":[],"hazards":[],"tobaccoProduct":false,"showGoodPriceIcon":false,"labels":["keyhole"],"seoDescription":"","seoTitle":"","manufacturer":null,"incrementValue":1.0,"productBasketType":{"code":"ST","type":"ProductBasketTypeEnum"},"bargainProduct":false,"addToCartMessage":"","thumbnail":{"imageType":"PRIMARY","format":"thumbnail","url":"https://assets.axfood.se/image/upload/f_auto,t_100/07311042001478_C1N0_s01","altText":null,"galleryIndex":null,"width":null},"outOfStock":false,"online":true,"displayVolume":"ca: 850g","addToCartDisabled":false,"name":"Melon Galia Klass 1","code":"101288882_KG"},{"potentialPromotions":[],"inactivePotentialPromotions":[],"priceValue":44.9,"price":"44,90 kr/kg","image":{"imageType":"PRIMARY","format":"product","url":"https://assets.axfood.se/image/upload/f_auto,t_200/02359740500003_C1C0_s01","altText":null,"galleryIndex":null,"width":null},"ranking":0.0,"depositPrice":"","averageWeight":0.3,"comparePrice":"44,90 kr","comparePriceUnit":"kg","isDrugProduct":false,"solrSearchScore":1.0,"energyDeclaration":null,"newsSplashProduct":false,"notAllowedB2b":false,"notAllowedAnonymous":false,"productLine2":"ca: 300g","pickupProductLine2":"ca: 300g","priceUnit":"kr/kg","priceNoUnit":"44,90","savingsAmount":null,"googleAnalyticsCategory":"","gdprTrackingIncompliant":false,"nicotineMedicalProduct":false,"tobaccoFreeNicotineProduct":false,"nonEkoProduct":false,"precautionaryStatements":[],"hazards":[],"tobaccoProduct":false,"showGoodPriceIcon":false,"labels":["keyhole"],"seoDescription":"","seoTitle":"","manufacturer":null,"incrementValue":1.0,"productBasketType":{"code":"ST","type":"ProductBasketTypeEnum"},"bargainProduct":false,"addToCartMessage":"","thumbnail":{"imageType":"PRIMARY","format":"thumbnail","url":"https://assets.axfood.se/image/upload/f_auto,t_100/02359740500003_C1C0_s01","altText":null,"galleryIndex":null,"width":null},"outOfStock":false,"online":true,"displayVolume":"ca: 300g","addToCartDisabled":false,"name":"Paprika Röd Klass 1","code":"100149359_KG"},{"potentialPromotions":[],"inactivePotentialPromotions":[],"priceValue":34.9,"price":"34,90 kr/kg","image":{"imageType":"PRIMARY","format":"product","url":"https://assets.axfood.se/image/upload/f_auto,t_200/07311042004738_C1C0_s01","altText":null,"galleryIndex":null,"width":null},"ranking":0.0,"depositPrice":"","averageWeight":0.18,"comparePrice":"34,90 kr","comparePriceUnit":"kg","isDrugProduct":false,"solrSearchScore":1.0,"energyDeclaration":null,"newsSplashProduct":false,"notAllowedB2b":false,"notAllowedAnonymous":false,"productLine2":"ca: 180g","pickupProductLine2":"ca: 180g","priceUnit":"kr/kg","priceNoUnit":"34,90","savingsAmount":null,"googleAnalyticsCategory":"","gdprTrackingIncompliant":false,"nicotineMedicalProduct":false,"tobaccoFreeNicotineProduct":false,"nonEkoProduct":false,"precautionaryStatements":[],"hazards":[],"tobaccoProduct":false,"showGoodPriceIcon":false,"labels":["keyhole"],"seoDescription":"","seoTitle":"","manufacturer":null,"incrementValue":1.0,"productBasketType":{"code":"ST","type":"ProductBasketTypeEnum"},"bargainProduct":false,"addToCartMessage":"","thumbnail":{"imageType":"PRIMARY","format":"thumbnail","url":"https://assets.axfood.se/image/upload/f_auto,t_100/07311042004738_C1C0_s01","altText":null,"galleryIndex":null,"width":null},"outOfStock":false,"online":true,"displayVolume":"ca: 180g","addToCartDisabled":false,"name":"Äpple Granny Smith Klass 1","code":"100142221_KG"},{"potentialPromotions":[],"inactivePotentialPromotions":[],"priceValue":8.9,"price":"8,90 kr","image":{"imageType":"PRIMARY","format":"product","url":"https://assets.axfood.se/image/upload/f_auto,t_200/07311042000402_C1N0_s02","altText":null,"galleryIndex":null,"width":null},"ranking":0.0,"depositPrice":"","averageWeight":null,"comparePrice":"74,17 kr","comparePriceUnit":"kg","isDrugProduct":false,"solrSearchScore":1.0,"energyDeclaration":null,"newsSplashProduct":false,"notAllowedB2b":false,"notAllowedAnonymous":false,"productLine2":"GARANT EKO, ca120g","pickupProductLine2":"GARANT EKO, ca120g","priceUnit":"kr/st","priceNoUnit":"8,90","savingsAmount":null,"googleAnalyticsCategory":"","gdprTrackingIncompliant":false,"nicotineMedicalProduct":false,"tobaccoFreeNicotineProduct":false,"nonEkoProduct":false,"precautionaryStatements":[],"hazards":[],"tobaccoProduct":false,"showGoodPriceIcon":false,"labels":["ecological","eu_ecological","keyhole"],"seoDescription":"","seoTitle":"","manufacturer":"Garant Eko","incrementValue":1.0,"productBasketType":{"code":"ST","type":"ProductBasketTypeEnum"},"bargainProduct":false,"addToCartMessage":"","thumbnail":{"imageType":"PRIMARY","format":"thumbnail","url":"https://assets.axfood.se/image/upload/f_auto,t_100/07311042000402_C1N0_s02","altText":null,"galleryIndex":null,"width":null},"outOfStock":false,"online":true,"displayVolume":"ca120g","addToCartDisabled":false,"name":"Citron Eko Klass 1","code":"101234341_ST"},{"potentialPromotions":[],"inactivePotentialPromotions":[],"priceValue":39.9,"price":"39,90 kr/kg","image":{"imageType":"PRIMARY","format":"product","url":"https://assets.axfood.se/image/upload/f_auto,t_200/07311042001508_C1N0_s01","altText":null,"galleryIndex":null,"width":null},"ranking":0.0,"depositPrice":"","averageWeight":0.85,"comparePrice":"39,90 kr","comparePriceUnit":"kg","isDrugProduct":false,"solrSearchScore":1.0,"energyDeclaration":null,"newsSplashProduct":false,"notAllowedB2b":false,"notAllowedAnonymous":false,"productLine2":"ca: 850g","pickupProductLine2":"ca: 850g","priceUnit":"kr/kg","priceNoUnit":"39,90","savingsAmount":null,"googleAnalyticsCategory":"","gdprTrackingIncompliant":false,"nicotineMedicalProduct":false,"tobaccoFreeNicotineProduct":false,"nonEkoProduct":false,"precautionaryStatements":[],"hazards":[],"tobaccoProduct":false,"showGoodPriceIcon":false,"labels":["keyhole"],"seoDescription":"","seoTitle":"","manufacturer":null,"incrementValue":1.0,"productBasketType":{"code":"ST","type":"ProductBasketTypeEnum"},"bargainProduct":false,"addToCartMessage":"","thumbnail":{"imageType":"PRIMARY","format":"thumbnail","url":"https://assets.axfood.se/image/upload/f_auto,t_100/07311042001508_C1N0_s01","altText":null,"galleryIndex":null,"width":null},"outOfStock":false,"online":true,"displayVolume":"ca: 850g","addToCartDisabled":false,"name":"Melon Cantaloupe Klass 1","code":"100256107_KG"},{"potentialPromotions":[],"inactivePotentialPromotions":[],"priceValue":38.9,"price":"38,90 kr/kg","image":{"imageType":"PRIMARY","format":"product","url":"https://assets.axfood.se/image/upload/f_auto,t_200/07311042006275_C1C0_s01","altText":null,"galleryIndex":null,"width":null},"ranking":0.0,"depositPrice":"","averageWeight":0.115,"comparePrice":"38,90 kr","comparePriceUnit":"kg","isDrugProduct":false,"solrSearchScore":1.0,"energyDeclaration":null,"newsSplashProduct":false,"notAllowedB2b":false,"notAllowedAnonymous":false,"productLine2":"ca: 115g","pickupProductLine2":"ca: 115g","priceUnit":"kr/kg","priceNoUnit":"38,90","savingsAmount":null,"googleAnalyticsCategory":"","gdprTrackingIncompliant":false,"nicotineMedicalProduct":false,"tobaccoFreeNicotineProduct":false,"nonEkoProduct":false,"precautionaryStatements":[],"hazards":[],"tobaccoProduct":false,"showGoodPriceIcon":false,"labels":["keyhole"],"seoDescription":"","seoTitle":"","manufacturer":null,"incrementValue":1.0,"productBasketType":{"code":"ST","type":"ProductBasketTypeEnum"},"bargainProduct":false,"addToCartMessage":"","thumbnail":{"imageType":"PRIMARY","format":"thumbnail","url":"https://assets.axfood.se/image/upload/f_auto,t_100/07311042006275_C1C0_s01","altText":null,"galleryIndex":null,"width":null},"outOfStock":false,"online":true,"displayVolume":"ca: 115g","addToCartDisabled":false,"name":"Clementiner Klass 1","code":"100126409_KG"},{"potentialPromotions":[],"inactivePotentialPromotions":[],"priceValue":84.9,"price":"84,90 kr/kg","image":{"imageType":"PRIMARY","format":"product","url":"https://assets.axfood.se/image/upload/f_auto,t_200/02359734200001_C1L0_s01","altText":null,"galleryIndex":null,"width":null},"ranking":0.0,"depositPrice":"","averageWeight":0.12,"comparePrice":"84,90 kr","comparePriceUnit":"kg","isDrugProduct":false,"solrSearchScore":1.0,"energyDeclaration":null,"newsSplashProduct":false,"notAllowedB2b":false,"notAllowedAnonymous":false,"productLine2":"ca: 120g","pickupProductLine2":"ca: 120g","priceUnit":"kr/kg","priceNoUnit":"84,90","savingsAmount":null,"googleAnalyticsCategory":"","gdprTrackingIncompliant":false,"nicotineMedicalProduct":false,"tobaccoFreeNicotineProduct":false,"nonEkoProduct":false,"precautionaryStatements":[],"hazards":[],"tobaccoProduct":false,"showGoodPriceIcon":false,"labels":["keyhole"],"seoDescription":"","seoTitle":"","manufacturer":null,"incrementValue":1.0,"productBasketType":{"code":"ST","type":"ProductBasketTypeEnum"},"bargainProduct":false,"addToCartMessage":"","thumbnail":{"imageType":"PRIMARY","format":"thumbnail","url":"https://assets.axfood.se/image/upload/f_auto,t_100/02359734200001_C1L0_s01","altText":null,"galleryIndex":null,"width":null},"outOfStock":false,"online":true,"displayVolume":"ca: 120g","addToCartDisabled":false,"name":"Ingefära","code":"100147388_KG"},{"potentialPromotions":[],"inactivePotentialPromotions":[],"priceValue":31.9,"price":"31,90 kr/kg","image":{"imageType":"PRIMARY","format":"product","url":"https://assets.axfood.se/image/upload/f_auto,t_200/07311042002765_C1N1_s01","altText":null,"galleryIndex":null,"width":null},"ranking":0.0,"depositPrice":"","averageWeight":1.2,"comparePrice":"31,90 kr","comparePriceUnit":"kg","isDrugProduct":false,"solrSearchScore":1.0,"energyDeclaration":null,"newsSplashProduct":false,"notAllowedB2b":false,"notAllowedAnonymous":false,"productLine2":"ca: 1.2kg","pickupProductLine2":"ca: 1.2kg","priceUnit":"kr/kg","priceNoUnit":"31,90","savingsAmount":null,"googleAnalyticsCategory":"","gdprTrackingIncompliant":false,"nicotineMedicalProduct":false,"tobaccoFreeNicotineProduct":false,"nonEkoProduct":false,"precautionaryStatements":[],"hazards":[],"tobaccoProduct":false,"showGoodPriceIcon":false,"labels":["swedish_flag","keyhole"],"seoDescription":"","seoTitle":"","manufacturer":null,"incrementValue":1.0,"productBasketType":{"code":"ST","type":"ProductBasketTypeEnum"},"bargainProduct":false,"addToCartMessage":"","thumbnail":{"imageType":"PRIMARY","format":"thumbnail","url":"https://assets.axfood.se/image/upload/f_auto,t_100/07311042002765_C1N1_s01","altText":null,"galleryIndex":null,"width":null},"outOfStock":false,"online":true,"displayVolume":"ca: 1.2kg","addToCartDisabled":false,"name":"Spetskål Klass 1","code":"100288421_KG"},{"potentialPromotions":[],"inactivePotentialPromotions":[],"priceValue":39.9,"price":"39,90 kr/kg","image":{"imageType":"PRIMARY","format":"product","url":"https://assets.axfood.se/image/upload/f_auto,t_200/07311042000518_C1N0_s01","altText":null,"galleryIndex":null,"width":null},"ranking":0.0,"depositPrice":"","averageWeight":0.15,"comparePrice":"39,90 kr","comparePriceUnit":"kg","isDrugProduct":false,"solrSearchScore":1.0,"energyDeclaration":null,"newsSplashProduct":false,"notAllowedB2b":false,"notAllowedAnonymous":false,"productLine2":"ca: 150g","pickupProductLine2":"ca: 150g","priceUnit":"kr/kg","priceNoUnit":"39,90","savingsAmount":null,"googleAnalyticsCategory":"","gdprTrackingIncompliant":false,"nicotineMedicalProduct":false,"tobaccoFreeNicotineProduct":false,"nonEkoProduct":false,"precautionaryStatements":[],"hazards":[],"tobaccoProduct":false,"showGoodPriceIcon":false,"labels":["keyhole"],"seoDescription":"","seoTitle":"","manufacturer":null,"incrementValue":1.0,"productBasketType":{"code":"ST","type":"ProductBasketTypeEnum"},"bargainProduct":false,"addToCartMessage":"","thumbnail":{"imageType":"PRIMARY","format":"thumbnail","url":"https://assets.axfood.se/image/upload/f_auto,t_100/07311042000518_C1N0_s01","altText":null,"galleryIndex":null,"width":null},"outOfStock":false,"online":true,"displayVolume":"ca: 150g","addToCartDisabled":false,"name":"Äpple Pink Lady Klass 1","code":"100144318_KG"}],"sorts":[{"code":"topRated","name":"Populärast","selected":true},{"code":"name-asc","name":"A – Ö","selected":false},{"code":"name-desc","name":"Ö – A","selected":false},{"code":"price-asc","name":"Pris (Billigast - Dyrast)","selected":false},{"code":"price-desc","name":"Pris (Dyrast - Billigast)","selected":false},{"code":"compareprice-asc","name":"Jämförpris (Billigast - Dyrast)","selected":false},{"code":"compareprice-desc","name":"Jämförpris (Dyrast - Billigast)","selected":false}],"pagination":{"pageSize":30,"currentPage":0,"sort":"topRated","numberOfPages":8,"totalNumberOfResults":236,"allProductsInCategoriesCount":236,"allProductsInSearchCount":0},"relatedResults":null,"relatedResultsPagination":null,"currentQuery":null,"breadcrumbs":[],"facets":[{"code":"commercialName2","name":"commercialName2","priority":-400,"category":false,"multiSelect":true,"visible":true,"topValues":null,"values":[{"code":"1 & 1","name":"1 & 1","count":1,"query":{"url":"frukt-och-gront?q=%3AtopRated%3AcommercialName2%3A1%2B%2526%2B1","query":{"value":":topRated:commercialName2:1+%26+1","filterQueries":[],"searchQueryContext":null,"searchType":null}},"selected":false},{"code":"Cajom","name":"Cajom","count":3,"query":{"url":"frukt-och-gront?q=%3AtopRated%3AcommercialName2%3ACajom","query":{"value":":topRated:commercialName2:Cajom","filterQueries":[],"searchQueryContext":null,"searchType":null}},"selected":false},{"code":"Garant","name":"Garant","count":38,"query":{"url":"frukt-och-gront?q=%3AtopRated%3AcommercialName2%3AGarant","query":{"value":":topRated:commercialName2:Garant","filterQueries":[],"searchQueryContext":null,"searchType":null}},"selected":false},{"code":"Garant Eko","name":"Garant Eko","count":22,"query":{"url":"frukt-och-gront?q=%3AtopRated%3AcommercialName2%3AGarant%2BEko","query":{"value":":topRated:commercialName2:Garant+Eko","filterQueries":[],"searchQueryContext":null,"searchType":null}},"selected":false}]},{"code":"productLabelTypes","name":"productLabelTypes","priority":-1000,"category":false,"multiSelect":false,"visible":true,"topValues":null,"values":[{"code":"ECOLOGICAL","name":"Ekologisk","count":40,"query":{"url":"frukt-och-gront?q=%3AtopRated%3AproductLabelTypes%3AECOLOGICAL","query":{"value":":topRated:productLabelTypes:ECOLOGICAL","filterQueries":[],"searchQueryContext":null,"searchType":null}},"selected":false},{"code":"FAIRTRADE_FACET","name":"Fairtrade","count":1,"query":{"url":"frukt-och-gront?q=%3AtopRated%3AproductLabelTypes%3AFAIRTRADE_FACET","query":{"value":":topRated:productLabelTypes:FAIRTRADE_FACET","filterQueries":[],"searchQueryContext":null,"searchType":null}},"selected":false},{"code":"ENVIRONMENTAL_FACET","name":"Miljömärkt","count":2,"query":{"url":"frukt-och-gront?q=%3AtopRated%3AproductLabelTypes%3AENVIRONMENTAL_FACET","query":{"value":":topRated:productLabelTypes:ENVIRONMENTAL_FACET","filterQueries":[],"searchQueryContext":null,"searchType":null}},"selected":false},{"code":"KEYHOLE","name":"Nyckelhålet","count":197,"query":{"url":"frukt-och-gront?q=%3AtopRated%3AproductLabelTypes%3AKEYHOLE","query":{"value":":topRated:productLabelTypes:KEYHOLE","filterQueries":[],"searchQueryContext":null,"searchType":null}},"selected":false},{"code":"SWEDISH_FLAG","name":"Svenskt","count":73,"query":{"url":"frukt-och-gront?q=%3AtopRated%3AproductLabelTypes%3ASWEDISH_FLAG","query":{"value":":topRated:productLabelTypes:SWEDISH_FLAG","filterQueries":[],"searchQueryContext":null,"searchType":null}},"selected":false}]}],"freeTextSearch":"","categoryCode":null,"keywordRedirectUrl":null,"spellingSuggestion":null,"categoryName":null,"customSuggestion":null,"categoryBreadcrumbs":{"url":"frukt-och-gront","name":"Frukt & Grönt","linkClass":null,"categoryCode":"N05"},"navigationCategories":null,"usedQuery":null,"subCategories":[{"code":"N0501","name":"Frukt","url":"frukt-och-gront/frukt","description":null,"image":null,"parentCategoryName":"Frukt & Grönt","sequence":0,"seoTitle":null,"seoDescription":null},{"code":"N0502","name":"Färska bär","url":"frukt-och-gront/farska-bar","description":null,"image":null,"parentCategoryName":"Frukt & Grönt","sequence":0,"seoTitle":null,"seoDescription":null},{"code":"N0503","name":"Grönsaker","url":"frukt-och-gront/gronsaker","description":null,"image":null,"parentCategoryName":"Frukt & Grönt","sequence":0,"seoTitle":null,"seoDescription":null},{"code":"N0504","name":"Potatis & rotsaker","url":"frukt-och-gront/potatis-och-rotsaker","description":null,"image":null,"parentCategoryName":"Frukt & Grönt","sequence":0,"seoTitle":null,"seoDescription":null},{"code":"N0505","name":"Svamp","url":"frukt-och-gront/svamp","description":null,"image":null,"parentCategoryName":"Frukt & Grönt","sequence":0,"seoTitle":null,"seoDescription":null},{"code":"N0506","name":"Kryddor & smaksättare","url":"frukt-och-gront/kryddor-och-smaksattare","description":null,"image":null,"parentCategoryName":"Frukt & Grönt","sequence":0,"seoTitle":null,"seoDescription":null}],"categoryInfo":{"code":"N05","name":"Frukt & Grönt","url":"frukt-och-gront","description":null,"image":null,"parentCategoryName":null,"sequence":0,"seoTitle":null,"seoDescription":null},"superCategories":[{"code":"N00","name":"Alla varor","url":"/alla-varor/c/","description":null,"image":null,"parentCategoryName":null,"sequence":0,"seoTitle":null,"seoDescription":null}],"restrictedProductTypes":""}
---
{"results":[{"potentialPromotions":[],"inactivePotentialPromotions":[],"priceValue":19.9,"price":"19,90 kr","image":{"imageType":"PRIMARY","format":"product","url":"https://assets.axfood.se/image/upload/f_auto,t_200/07311042002031_C1N1_s01","altText":null,"galleryIndex":null,"width":null},"ranking":0.0,"depositPrice":"","averageWeight":null,"comparePrice":"79,60 kr","comparePriceUnit":"kg","isDrugProduct":false,"solrSearchScore":1.0,"energyDeclaration":null,"newsSplashProduct":false,"notAllowedB2b":false,"notAllowedAnonymous":false,"productLine2":"250g","pickupProductLine2":"250g","priceUnit":"kr/st","priceNoUnit":"19,90","savingsAmount":null,"googleAnalyticsCategory":"","gdprTrackingIncompliant":false,"nicotineMedicalProduct":false,"tobaccoFreeNicotineProduct":false,"nonEkoProduct":false,"precautionaryStatements":[],"hazards":[],"tobaccoProduct":false,"showGoodPriceIcon":false,"labels":["swedish_flag","keyhole"],"seoDescription":"","seoTitle":"","manufacturer":null,"incrementValue":1.0,"productBasketType":{"code":"ST","type":"ProductBasketTypeEnum"},"bargainProduct":false,"addToCartMessage":"","thumbnail":{"imageType":"PRIMARY","format":"thumbnail","url":"https://assets.axfood.se/image/upload/f_auto,t_100/07311042002031_C1N1_s01","altText":null,"galleryIndex":null,"width":null},"outOfStock":false,"online":true,"displayVolume":"250g","addToCartDisabled":false,"name":"Spenat Klass 1","code":"100901311_ST"},{"potentialPromotions":[],"inactivePotentialPromotions":[],"priceValue":9.9,"price":"9,90 kr","image":{"imageType":"PRIMARY","format":"product","url":"https://assets.axfood.se/image/upload/f_auto,t_200/07311042010807_C1C1_s01","altText":null,"galleryIndex":null,"width":null},"ranking":0.0,"depositPrice":"","averageWeight":null,"comparePrice":"165,00 kr","comparePriceUnit":"kg","isDrugProduct":false,"solrSearchScore":1.0,"energyDeclaration":null,"newsSplashProduct":false,"notAllowedB2b":false,"notAllowedAnonymous":false,"productLine2":"60g","pickupProductLine2":"60g","priceUnit":"kr/st","priceNoUnit":"9,90","savingsAmount":null,"googleAnalyticsCategory":"","gdprTrackingIncompliant":false,"nicotineMedicalProduct":false,"tobaccoFreeNicotineProduct":false,"nonEkoProduct":false,"precautionaryStatements":[],"hazards":[],"tobaccoProduct":false,"showGoodPriceIcon":false,"labels":["keyhole"],"seoDescription":"","seoTitle":"","manufacturer":null,"incrementValue":1.0,"productBasketType":{"code":"ST","type":"ProductBasketTypeEnum"},"bargainProduct":false,"addToCartMessage":"","thumbnail":{"imageType":"PRIMARY","format":"thumbnail","url":"https://assets.axfood.se/image/upload/f_auto,t_100/07311042010807_C1C1_s01","altText":null,"galleryIndex":null,"width":null},"outOfStock":false,"online":true,"displayVolume":"60g","addToCartDisabled":false,"name":"Lök Vit Morado Klass 1","code":"101331906_ST"},{"potentialPromotions":[],"inactivePotentialPromotions":[],"priceValue":69.9,"price":"69,90 kr/kg","image":{"imageType":"PRIMARY","format":"product","url":"https://assets.axfood.se/image/upload/f_auto,t_200/02359738000003_C1C0_s01","altText":null,"galleryIndex":null,"width":null},"ranking":0.0,"depositPrice":"","averageWeight":0.02,"comparePrice":"69,90 kr","comparePriceUnit":"kg","isDrugProduct":false,"solrSearchScore":1.0,"energyDeclaration":null,"newsSplashProduct":false,"notAllowedB2b":false,"notAllowedAnonymous":false,"productLine2":"","pickupProductLine2":"","priceUnit":"kr/kg","priceNoUnit":"69,90","savingsAmount":null,"googleAnalyticsCategory":"","gdprTrackingIncompliant":false,"nicotineMedicalProduct":false,"tobaccoFreeNicotineProduct":false,"nonEkoProduct":false,"precautionaryStatements":[],"hazards":[],"tobaccoProduct":false,"showGoodPriceIcon":false,"labels":["keyhole"],"seoDescription":"","seoTitle":"","manufacturer":null,"incrementValue":0.1,"productBasketType":{"code":"VIKT","type":"ProductBasketTypeEnum"},"bargainProduct":false,"addToCartMessage":"","thumbnail":{"imageType":"PRIMARY","format":"thumbnail","url":"https://assets.axfood.se/image/upload/f_auto,t_100/02359738000003_C1C0_s01","altText":null,"galleryIndex":null,"width":null},"outOfStock":false,"online":true,"displayVolume":"","addToCartDisabled":false,"name":"Champinjoner Klass 1","code":"100152031_KG"},{"potentialPromotions":[],"inactivePotentialPromotions":[],"priceValue":19.9,"price":"19,90 kr","image":{"imageType":"PRIMARY","format":"product","url":"https://assets.axfood.se/image/upload/f_auto,t_200/07311042001140_C1N0_s01","altText":null,"galleryIndex":null,"width":null},"ranking":0.0,"depositPrice":"","averageWeight":null,"comparePrice":"79,60 kr","comparePriceUnit":"kg","isDrugProduct":false,"solrSearchScore":1.0,"energyDeclaration":null,"newsSplashProduct":false,"notAllowedB2b":false,"notAllowedAnonymous":false,"productLine2":"250g","pickupProductLine2":"250g","priceUnit":"kr/st","priceNoUnit":"19,90","savingsAmount":null,"googleAnalyticsCategory":"","gdprTrackingIncompliant":false,"nicotineMedicalProduct":false,"tobaccoFreeNicotineProduct":false,"nonEkoProduct":false,"precautionaryStatements":[],"hazards":[],"tobaccoProduct":false,"showGoodPriceIcon":false,"labels":["keyhole"],"seoDescription":"","seoTitle":"","manufacturer":null,"incrementValue":1.0,"productBasketType":{"code":"ST","type":"ProductBasketTypeEnum"},"bargainProduct":false,"addToCartMessage":"","thumbnail":{"imageType":"PRIMARY","format":"thumbnail","url":"https://assets.axfood.se/image/upload/f_auto,t_100/07311042001140_C1N0_s01","altText":null,"galleryIndex":null,"width":null},"outOfStock":false,"online":true,"displayVolume":"250g","addToCartDisabled":false,"name":"Kronärtskocka","code":"101203306_ST"},{"potentialPromotions":[],"inactivePotentialPromotions":[],"priceValue":39.9,"price":"39,90 kr","image":{"imageType":"PRIMARY","format":"product","url":"https://assets.axfood.se/image/upload/f_auto,t_200/07311042002277_C1N1_s01","altText":null,"galleryIndex":null,"width":null},"ranking":0.0,"depositPrice":"","averageWeight":null,"comparePrice":"99,75 kr","comparePriceUnit":"kg","isDrugProduct":false,"solrSearchScore":1.0,"energyDeclaration":null,"newsSplashProduct":false,"notAllowedB2b":false,"notAllowedAnonymous":false,"productLine2":"400g","pickupProductLine2":"400g","priceUnit":"kr/st","priceNoUnit":"39,90","savingsAmount":null,"googleAnalyticsCategory":"","gdprTrackingIncompliant":false,"nicotineMedicalProduct":false,"tobaccoFreeNicotineProduct":false,"nonEkoProduct":false,"precautionaryStatements":[],"hazards":[],"tobaccoProduct":false,"showGoodPriceIcon":false,"labels":[],"seoDescription":"","seoTitle":"","manufacturer":null,"incrementValue":1.0,"productBasketType":{"code":"ST","type":"ProductBasketTypeEnum"},"bargainProduct":false,"addToCartMessage":"","thumbnail":{"imageType":"PRIMARY","format":"thumbnail","url":"https://assets.axfood.se/image/upload/f_auto,t_100/07311042002277_C1N1_s01","altText":null,"galleryIndex":null,"width":null},"outOfStock":false,"online":true,"displayVolume":"400g","addToCartDisabled":false,"name":"Tomater Babyplommon Kvist Klass 1","code":"100819660_ST"},{"potentialPromotions":[],"inactivePotentialPromotions":[],"priceValue":25.9,"price":"25,90 kr/kg","image":{"imageType":"PRIMARY","format":"product","url":"https://assets.axfood.se/image/upload/f_auto,t_200/07311042005957_C1C0_s02","altText":null,"galleryIndex":null,"width":null},"ranking":0.0,"depositPrice":"","averageWeight":1.6,"comparePrice":"25,90 kr","comparePriceUnit":"kg","isDrugProduct":false,"solrSearchScore":1.0,"energyDeclaration":null,"newsSplashProduct":false,"notAllowedB2b":false,"notAllowedAnonymous":false,"productLine2":"ca: 1.6kg","pickupProductLine2":"ca: 1.6kg","priceUnit":"kr/kg","priceNoUnit":"25,90","savingsAmount":null,"googleAnalyticsCategory":"","gdprTrackingIncompliant":false,"nicotineMedicalProduct":false,"tobaccoFreeNicotineProduct":false,"nonEkoProduct":false,"precautionaryStatements":[],"hazards":[],"tobaccoProduct":false,"showGoodPriceIcon":false,"labels":["ecological","eu_ecological"],"seoDescription":"","seoTitle":"","manufacturer":null,"incrementValue":1.0,"productBasketType":{"code":"ST","type":"ProductBasketTypeEnum"},"bargainProduct":false,"addToCartMessage":"","thumbnail":{"imageType":"PRIMARY","format":"thumbnail","url":"https://assets.axfood.se/image/upload/f_auto,t_100/07311042005957_C1C0_s02","altText":null,"galleryIndex":null,"width":null},"outOfStock":false,"online":true,"displayVolume":"ca: 1.6kg","addToCartDisabled":false,"name":"Melon Mini Vatten Eko Klass 1","code":"100521525_KG"},{"potentialPromotions":[],"inactivePotentialPromotions":[],"priceValue":9.9,"price":"9,90 kr","image":{"imageType":"PRIMARY","format":"product","url":"https://assets.axfood.se/image/upload/f_auto,t_200/07311042000075_C1N0_s01","altText":null,"galleryIndex":null,"width":null},"ranking":0.0,"depositPrice":"","averageWeight":null,"comparePrice":"101,02 kr","comparePriceUnit":"kg","isDrugProduct":false,"solrSearchScore":1.0,"energyDeclaration":null,"newsSplashProduct":false,"notAllowedB2b":false,"notAllowedAnonymous":false,"productLine2":"ca100g","pickupProductLine2":"ca100g","priceUnit":"kr/st","priceNoUnit":"9,90","savingsAmount":null,"googleAnalyticsCategory":"","gdprTrackingIncompliant":false,"nicotineMedicalProduct":false,"tobaccoFreeNicotineProduct":false,"nonEkoProduct":false,"precautionaryStatements":[],"hazards":[],"tobaccoProduct":false,"showGoodPriceIcon":false,"labels":["keyhole"],"seoDescription":"","seoTitle":"","manufacturer":null,"incrementValue":1.0,"productBasketType":{"code":"ST","type":"ProductBasketTypeEnum"},"bargainProduct":false,"addToCartMessage":"","thumbnail":{"imageType":"PRIMARY","format":"thumbnail","url":"https://assets.axfood.se/image/upload/f_auto,t_100/07311042000075_C1N0_s01","altText":null,"galleryIndex":null,"width":null},"outOfStock":false,"online":true,"displayVolume":"ca100g","addToCartDisabled":false,"name":"Kiwi Klass 1","code":"100180723_ST"},{"potentialPromotions":[],"inactivePotentialPromotions":[],"priceValue":39.9,"price":"39,90 kr/kg","image":{"imageType":"PRIMARY","format":"product","url":"https://assets.axfood.se/image/upload/f_auto,t_200/07311042002543_C1N0_s01","altText":null,"galleryIndex":null,"width":null},"ranking":0.0,"depositPrice":"","averageWeight":0.25,"comparePrice":"39,90 kr","comparePriceUnit":"kg","isDrugProduct":false,"solrSearchScore":1.0,"energyDeclaration":null,"newsSplashProduct":false,"notAllowedB2b":false,"notAllowedAnonymous":false,"productLine2":"ca: 250g","pickupProductLine2":"ca: 250g","priceUnit":"kr/kg","priceNoUnit":"39,90","savingsAmount":null,"googleAnalyticsCategory":"","gdprTrackingIncompliant":false,"nicotineMedicalProduct":false,"tobaccoFreeNicotineProduct":false,"nonEkoProduct":false,"precautionaryStatements":[],"hazards":[],"tobaccoProduct":false,"showGoodPriceIcon":false,"labels":["keyhole"],"seoDescription":"","seoTitle":"","manufacturer":null,"incrementValue":1.0,"productBasketType":{"code":"ST","type":"ProductBasketTypeEnum"},"bargainProduct":false,"addToCartMessage":"","thumbnail":{"imageType":"PRIMARY","format":"thumbnail","url":"https://assets.axfood.se/image/upload/f_auto,t_100/07311042002543_C1N0_s01","altText":null,"galleryIndex":null,"width":null},"outOfStock":false,"online":true,"displayVolume":"ca: 250g","addToCartDisabled":false,"name":"Sötpotatis Klass 1","code":"100150827_KG"},{"potentialPromotions":[],"inactivePotentialPromotions":[],"priceValue":19.9,"price":"19,90 kr/kg","image":{"imageType":"PRIMARY","format":"product","url":"https://assets.axfood.se/image/upload/f_auto,t_200/07311042001256_C1N0_s01","altText":null,"galleryIndex":null,"width":null},"ranking":0.0,"depositPrice":"","averageWeight":0.16,"comparePrice":"19,90 kr","comparePriceUnit":"kg","isDrugProduct":false,"solrSearchScore":1.0,"energyDeclaration":null,"newsSplashProduct":false,"notAllowedB2b":false,"notAllowedAnonymous":false,"productLine2":"ca: 160g","pickupProductLine2":"ca: 160g","priceUnit":"kr/kg","priceNoUnit":"19,90","savingsAmount":null,"googleAnalyticsCategory":"","gdprTrackingIncompliant":false,"nicotineMedicalProduct":false,"tobaccoFreeNicotineProduct":false,"nonEkoProduct":false,"precautionaryStatements":[],"hazards":[],"tobaccoProduct":false,"showGoodPriceIcon":false,"labels":["keyhole"],"seoDescription":"","seoTitle":"","manufacturer":null,"incrementValue":1.0,"productBasketType":{"code":"ST","type":"ProductBasketTypeEnum"},"bargainProduct":false,"addToCartMessage":"","thumbnail":{"imageType":"PRIMARY","format":"thumbnail","url":"https://assets.axfood.se/image/upload/f_auto,t_100/07311042001256_C1N0_s01","altText":null,"galleryIndex":null,"width":null},"outOfStock":false,"online":true,"displayVolume":"ca: 160g","addToCartDisabled":false,"name":"Lök Röd Klass 1","code":"100147967_KG"},{"potentialPromotions":[],"inactivePotentialPromotions":[],"priceValue":14.9,"price":"14,90 kr/kg","image":{"imageType":"PRIMARY","format":"product","url":"https://assets.axfood.se/image/upload/f_auto,t_200/07311042001560_C1N0_s01","altText":null,"galleryIndex":null,"width":null},"ranking":0.0,"depositPrice":"","averageWeight":0.15,"comparePrice":"14,90 kr","comparePriceUnit":"kg","isDrugProduct":false,"solrSearchScore":1.0,"energyDeclaration":null,"newsSplashProduct":false,"notAllowedB2b":false,"notAllowedAnonymous":false,"productLine2":"ca: 150g","pickupProductLine2":"ca: 150g","priceUnit":"kr/kg","priceNoUnit":"14,90","savingsAmount":null,"googleAnalyticsCategory":"","gdprTrackingIncompliant":false,"nicotineMedicalProduct":false,"tobaccoFreeNicotineProduct":false,"nonEkoProduct":false,"precautionaryStatements":[],"hazards":[],"tobaccoProduct":false,"showGoodPriceIcon":false,"labels":["swedish_flag","keyhole"],"seoDescription":"","seoTitle":"","manufacturer":null,"incrementValue":1.0,"productBasketType":{"code":"ST","type":"ProductBasketTypeEnum"},"bargainProduct":false,"addToCartMessage":"","thumbnail":{"imageType":"PRIMARY","format":"thumbnail","url":"https://assets.axfood.se/image/upload/f_auto,t_100/07311042001560_C1N0_s01","altText":null,"galleryIndex":null,"width":null},"outOfStock":false,"online":true,"displayVolume":"ca: 150g","addToCartDisabled":false,"name":"Morot Klass 1","code":"100148868_KG"},{"potentialPromotions":[],"inactivePotentialPromotions":[],"priceValue":19.9,"price":"19,90 kr","image":{"imageType":"PRIMARY","format":"product","url":"https://assets.axfood.se/image/upload/f_auto,t_200/07311042000341_C1N0_s01","altText":null,"galleryIndex":null,"width":null},"ranking":0.0,"depositPrice":"","averageWeight":null,"comparePrice":"59,76 kr","comparePriceUnit":"kg","isDrugProduct":false,"solrSearchScore":1.0,"energyDeclaration":null,"newsSplashProduct":false,"notAllowedB2b":false,"notAllowedAnonymous":false,"productLine2":"ca333g","pickupProductLine2":"ca333g","priceUnit":"kr/st","priceNoUnit":"19,90","savingsAmount":null,"googleAnalyticsCategory":"","gdprTrackingIncompliant":false,"nicotineMedicalProduct":false,"tobaccoFreeNicotineProduct":false,"nonEkoProduct":false,"precautionaryStatements":[],"hazards":[],"tobaccoProduct":false,"showGoodPriceIcon":false,"labels":["keyhole"],"seoDescription":"","seoTitle":"","manufacturer":null,"incrementValue":1.0,"productBasketType":{"code":"ST","type":"ProductBasketTypeEnum"},"bargainProduct":false,"addToCartMessage":"","thumbnail":{"imageType":"PRIMARY","format":"thumbnail","url":"https://assets.axfood.se/image/upload/f_auto,t_100/07311042000341_C1N0_s01","altText":null,"galleryIndex":null,"width":null},"outOfStock":false,"online":true,"displayVolume":"ca333g","addToCartDisabled":false,"name":"Mango","code":"101200548_ST"},{"potentialPromotions":[],"inactivePotentialPromotions":[],"priceValue":16.9,"price":"16,90 kr","image":{"imageType":"PRIMARY","format":"product","url":"https://assets.axfood.se/image/upload/f_auto,t_200/07311042010128_C1L1_s01","altText":null,"galleryIndex":null,"width":null},"ranking":0.0,"depositPrice":"","averageWeight":null,"comparePrice":"18,78 kr","comparePriceUnit":"kg","isDrugProduct":false,"solrSearchScore":1.0,"energyDeclaration":null,"newsSplashProduct":false,"notAllowedB2b":false,"notAllowedAnonymous":false,"productLine2":"GARANT, 900g","pickupProductLine2":"GARANT, 900g","priceUnit":"kr/st","priceNoUnit":"16,90","savingsAmount":null,"googleAnalyticsCategory":"","gdprTrackingIncompliant":false,"nicotineMedicalProduct":false,"tobaccoFreeNicotineProduct":false,"nonEkoProduct":false,"precautionaryStatements":[],"hazards":[],"tobaccoProduct":false,"showGoodPriceIcon":false,"labels":["swedish_flag","from_sweden","keyhole"],"seoDescription":"","seoTitle":"","manufacturer":"Garant","incrementValue":1.0,"productBasketType":{"code":"ST","type":"ProductBasketTypeEnum"},"bargainProduct":false,"addToCartMessage":"","thumbnail":{"imageType":"PRIMARY","format":"thumbnail","url":"https://assets.axfood.se/image/upload/f_auto,t_100/07311042010128_C1L1_s01","altText":null,"galleryIndex":null,"width":null},"outOfStock":false,"online":true,"displayVolume":"900g","addToCartDisabled":false,"name":"Potatis Fast Klass 1","code":"101301935_ST"},{"potentialPromotions":[],"inactivePotentialPromotions":[],"priceValue":39.9,"price":"39,90 kr/kg","image":{"imageType":"PRIMARY","format":"product","url":"https://assets.axfood.se/image/upload/f_auto,t_200/07311042012955_C1N1_s02","altText":null,"galleryIndex":null,"width":null},"ranking":0.0,"depositPrice":"","averageWeight":0.2,"comparePrice":"39,90 kr","comparePriceUnit":"kg","isDrugProduct":false,"solrSearchScore":1.0,"energyDeclaration":null,"newsSplashProduct":false,"notAllowedB2b":false,"notAllowedAnonymous":false,"productLine2":"ca: 200g","pickupProductLine2":"ca: 200g","priceUnit":"kr/kg","priceNoUnit":"39,90","savingsAmount":null,"googleAnalyticsCategory":"","gdprTrackingIncompliant":false,"nicotineMedicalProduct":false,"tobaccoFreeNicotineProduct":false,"nonEkoProduct":false,"precautionaryStatements":[],"hazards":[],"tobaccoProduct":false,"showGoodPriceIcon":false,"labels":[],"seoDescription":"","seoTitle":"","manufacturer":null,"incrementValue":1.0,"productBasketType":{"code":"ST","type":"ProductBasketTypeEnum"},"bargainProduct":false,"addToCartMessage":"","thumbnail":{"imageType":"PRIMARY","format":"thumbnail","url":"https://assets.axfood.se/image/upload/f_auto,t_100/07311042012955_C1N1_s02","altText":null,"galleryIndex":null,"width":null},"outOfStock":false,"online":true,"displayVolume":"ca: 200g","addToCartDisabled":false,"name":"Äpple Giga 2 Lag Klass 1","code":"101498950_KG"},{"potentialPromotions":[],"inactivePotentialPromotions":[],"priceValue":124.0,"price":"124,00 kr/kg","image":{"imageType":"PRIMARY","format":"product","url":"https://assets.axfood.se/image/upload/f_auto,t_200/07311042004721_C1C0_s01","altText":null,"galleryIndex":null,"width":null},"ranking":0.0,"depositPrice":"","averageWeight":0.5,"comparePrice":"124,00 kr","comparePriceUnit":"kg","isDrugProduct":false,"solrSearchScore":1.0,"energyDeclaration":null,"newsSplashProduct":false,"notAllowedB2b":false,"notAllowedAnonymous":false,"productLine2":"","pickupProductLine2":"","priceUnit":"kr/kg","priceNoUnit":"124,00","savingsAmount":null,"googleAnalyticsCategory":"","gdprTrackingIncompliant":false,"nicotineMedicalProduct":false,"tobaccoFreeNicotineProduct":false,"nonEkoProduct":false,"precautionaryStatements":[],"hazards":[],"tobaccoProduct":false,"showGoodPriceIcon":false,"labels":["keyhole"],"seoDescription":"","seoTitle":"","manufacturer":null,"incrementValue":0.1,"productBasketType":{"code":"VIKT","type":"ProductBasketTypeEnum"},"bargainProduct":false,"addToCartMessage":"","thumbnail":{"imageType":"PRIMARY","format":"thumbnail","url":"https://assets.axfood.se/image/upload/f_auto,t_100/07311042004721_C1C0_s01","altText":null,"galleryIndex":null,"width":null},"outOfStock":false,"online":true,"displayVolume":"","addToCartDisabled":false,"name":"Bigarråer Röd/svart Klass 1","code":"100127024_KG"},{"potentialPromotions":[],"inactivePotentialPromotions":[],"priceValue":44.9,"price":"44,90 kr/kg","image":{"imageType":"PRIMARY","format":"product","url":"https://assets.axfood.se/image/upload/f_auto,t_200/07311042001645_C1N0_s01","altText":null,"galleryIndex":null,"width":null},"ranking":0.0,"depositPrice":"","averageWeight":0.3,"comparePrice":"44,90 kr","comparePriceUnit":"kg","isDrugProduct":false,"solrSearchScore":1.0,"energyDeclaration":null,"newsSplashProduct":false,"notAllowedB2b":false,"notAllowedAnonymous":false,"productLine2":"ca: 300g","pickupProductLine2":"ca: 300g","priceUnit":"kr/kg","priceNoUnit":"44,90","savingsAmount":null,"googleAnalyticsCategory":"","gdprTrackingIncompliant":false,"nicotineMedicalProduct":false,"tobaccoFreeNicotineProduct":false,"nonEkoProduct":false,"precautionaryStatements":[],"hazards":[],"tobaccoProduct":false,"showGoodPriceIcon":false,"labels":["keyhole"],"seoDescription":"","seoTitle":"","manufacturer":null,"incrementValue":1.0,"productBasketType":{"code":"ST","type":"ProductBasketTypeEnum"},"bargainProduct":false,"addToCartMessage":"","thumbnail":{"imageType":"PRIMARY","format":"thumbnail","url":"https://assets.axfood.se/image/upload/f_auto,t_100/07311042001645_C1N0_s01","altText":null,"galleryIndex":null,"width":null},"outOfStock":false,"online":true,"displayVolume":"ca: 300g","addToCartDisabled":false,"name":"Paprika Gul Klass 1","code":"100149251_KG"},{"potentialPromotions":[],"inactivePotentialPromotions":[],"priceValue":29.9,"price":"29,90 kr/kg","image":{"imageType":"PRIMARY","format":"product","url":"https://assets.axfood.se/image/upload/f_auto,t_200/07311042002666_C1N1_s01","altText":null,"galleryIndex":null,"width":null},"ranking":0.0,"depositPrice":"","averageWeight":0.8,"comparePrice":"29,90 kr","comparePriceUnit":"kg","isDrugProduct":false,"solrSearchScore":1.0,"energyDeclaration":null,"newsSplashProduct":false,"notAllowedB2b":false,"notAllowedAnonymous":false,"productLine2":"ca: 800g","pickupProductLine2":"ca: 800g","priceUnit":"kr/kg","priceNoUnit":"29,90","savingsAmount":null,"googleAnalyticsCategory":"","gdprTrackingIncompliant":false,"nicotineMedicalProduct":false,"tobaccoFreeNicotineProduct":false,"nonEkoProduct":false,"precautionaryStatements":[],"hazards":[],"tobaccoProduct":false,"showGoodPriceIcon":false,"labels":["keyhole"],"seoDescription":"","seoTitle":"","manufacturer":null,"incrementValue":1.0,"productBasketType":{"code":"ST","type":"ProductBasketTypeEnum"},"bargainProduct":false,"addToCartMessage":"","thumbnail":{"imageType":"PRIMARY","format":"thumbnail","url":"https://assets.axfood.se/image/upload/f_auto,t_100/07311042002666_C1N1_s01","altText":null,"galleryIndex":null,"width":null},"outOfStock":false,"online":true,"displayVolume":"ca: 800g","addToCartDisabled":false,"name":"Salladskål Klass 1","code":"100147752_KG"},{"potentialPromotions":[],"inactivePotentialPromotions":[],"priceValue":27.9,"price":"27,90 kr/kg","image":{"imageType":"PRIMARY","format":"product","url":"https://assets.axfood.se/image/upload/f_auto,t_200/07311042001515_C1N0_s01","altText":null,"galleryIndex":null,"width":null},"ranking":0.0,"depositPrice":"","averageWeight":1.25,"comparePrice":"27,90 kr","comparePriceUnit":"kg","isDrugProduct":false,"solrSearchScore":1.0,"energyDeclaration":null,"newsSplashProduct":false,"notAllowedB2b":false,"notAllowedAnonymous":false,"productLine2":"ca: 1.25kg","pickupProductLine2":"ca: 1.25kg","priceUnit":"kr/kg","priceNoUnit":"27,90","savingsAmount":null,"googleAnalyticsCategory":"","gdprTrackingIncompliant":false,"nicotineMedicalProduct":false,"tobaccoFreeNicotineProduct":false,"nonEkoProduct":false,"precautionaryStatements":[],"hazards":[],"tobaccoProduct":false,"showGoodPriceIcon":false,"labels":["keyhole"],"seoDescription":"","seoTitle":"","manufacturer":null,"incrementValue":1.0,"productBasketType":{"code":"ST","type":"ProductBasketTypeEnum"},"bargainProduct":false,"addToCartMessage":"","thumbnail":{"imageType":"PRIMARY","format":"thumbnail","url":"https://assets.axfood.se/image/upload/f_auto,t_100/07311042001515_C1N0_s01","altText":null,"galleryIndex":null,"width":null},"outOfStock":false,"online":true,"displayVolume":"ca: 1.25kg","addToCartDisabled":false,"name":"Melon Piel De Sapo Klass 1","code":"100128078_KG"},{"potentialPromotions":[],"inactivePotentialPromotions":[],"priceValue":29.9,"price":"29,90 kr","image":{"imageType":"PRIMARY","format":"product","url":"https://assets.axfood.se/image/upload/f_auto,t_200/07311042004905_C1L0_s01","altText":null,"galleryIndex":null,"width":null},"ranking":0.0,"depositPrice":"","averageWeight":null,"comparePrice":"119,60 kr","comparePriceUnit":"kg","isDrugProduct":false,"solrSearchScore":1.0,"energyDeclaration":null,"newsSplashProduct":false,"notAllowedB2b":false,"notAllowedAnonymous":false,"productLine2":"250g","pickupProductLine2":"250g","priceUnit":"kr/st","priceNoUnit":"29,90","savingsAmount":null,"googleAnalyticsCategory":"","gdprTrackingIncompliant":false,"nicotineMedicalProduct":false,"tobaccoFreeNicotineProduct":false,"nonEkoProduct":false,"precautionaryStatements":[],"hazards":[],"tobaccoProduct":false,"showGoodPriceIcon":false,"labels":["swedish_flag","keyhole"],"seoDescription":"","seoTitle":"","manufacturer":null,"incrementValue":1.0,"productBasketType":{"code":"ST","type":"ProductBasketTypeEnum"},"bargainProduct":false,"addToCartMessage":"","thumbnail":{"imageType":"PRIMARY","format":"thumbnail","url":"https://assets.axfood.se/image/upload/f_auto,t_100/07311042004905_C1L0_s01","altText":null,"galleryIndex":null,"width":null},"outOfStock":false,"online":true,"displayVolume":"250g","addToCartDisabled":false,"name":"Tomatmix Klass 1","code":"101194922_ST"},{"potentialPromotions":[],"inactivePotentialPromotions":[],"priceValue":19.9,"price":"19,90 kr","image":{"imageType":"PRIMARY","format":"product","url":"https://assets.axfood.se/image/upload/f_auto,t_200/07311042001454_C1N0_s01","altText":null,"galleryIndex":null,"width":null},"ranking":0.0,"depositPrice":"","averageWeight":0.28,"comparePrice":"64,19 kr","comparePriceUnit":"kg","isDrugProduct":false,"solrSearchScore":1.0,"energyDeclaration":null,"newsSplashProduct":false,"notAllowedB2b":false,"notAllowedAnonymous":false,"productLine2":"310g","pickupProductLine2":"310g","priceUnit":"kr/st","priceNoUnit":"19,90","savingsAmount":null,"googleAnalyticsCategory":"","gdprTrackingIncompliant":false,"nicotineMedicalProduct":false,"tobaccoFreeNicotineProduct":false,"nonEkoProduct":false,"precautionaryStatements":[],"hazards":[],"tobaccoProduct":false,"showGoodPriceIcon":false,"labels":["keyhole"],"seoDescription":"","seoTitle":"","manufacturer":null,"incrementValue":1.0,"productBasketType":{"code":"ST","type":"ProductBasketTypeEnum"},"bargainProduct":false,"addToCartMessage":"","thumbnail":{"imageType":"PRIMARY","format":"thumbnail","url":"https://assets.axfood.se/image/upload/f_auto,t_100/07311042001454_C1N0_s01","altText":null,"galleryIndex":null,"width":null},"outOfStock":false,"online":true,"displayVolume":"310g","addToCartDisabled":false,"name":"Majskolv","code":"100205010_ST"},{"potentialPromotions":[],"inactivePotentialPromotions":[],"priceValue":27.9,"price":"27,90 kr/kg","image":{"imageType":"PRIMARY","format":"product","url":"https://assets.axfood.se/image/upload/f_auto,t_200/07311042002192_C1N0_s01","altText":null,"galleryIndex":null,"width":null},"ranking":0.0,"depositPrice":"","averageWeight":0.098,"comparePrice":"27,90 kr","comparePriceUnit":"kg","isDrugProduct":false,"solrSearchScore":1.0,"energyDeclaration":null,"newsSplashProduct":false,"notAllowedB2b":false,"notAllowedAnonymous":false,"productLine2":"ca: 98g","pickupProductLine2":"ca: 98g","priceUnit":"kr/kg","priceNoUnit":"27,90","savingsAmount":null,"googleAnalyticsCategory":"","gdprTrackingIncompliant":false,"nicotineMedicalProduct":false,"tobaccoFreeNicotineProduct":false,"nonEkoProduct":false,"precautionaryStatements":[],"hazards":[],"tobaccoProduct":false,"showGoodPriceIcon":false,"labels":["swedish_flag","from_sweden","keyhole"],"seoDescription":"","seoTitle":"","manufacturer":null,"incrementValue":1.0,"productBasketType":{"code":"ST","type":"ProductBasketTypeEnum"},"bargainProduct":false,"addToCartMessage":"","thumbnail":{"imageType":"PRIMARY","format":"thumbnail","url":"https://assets.axfood.se/image/upload/f_auto,t_100/07311042002192_C1N0_s01","altText":null,"galleryIndex":null,"width":null},"outOfStock":false,"online":true,"displayVolume":"ca: 98g","addToCartDisabled":false,"name":"Tomat Sverige Klass 1","code":"100521259_KG"},{"potentialPromotions":[],"inactivePotentialPromotions":[],"priceValue":15.9,"price":"15,90 kr","image":{"imageType":"PRIMARY","format":"product","url":"https://assets.axfood.se/image/upload/f_auto,t_200/07311042011873_C1N1_s01","altText":null,"galleryIndex":null,"width":null},"ranking":0.0,"depositPrice":"","averageWeight":null,"comparePrice":"159,00 kr","comparePriceUnit":"kg","isDrugProduct":false,"solrSearchScore":1.0,"energyDeclaration":null,"newsSplashProduct":false,"notAllowedB2b":false,"notAllowedAnonymous":false,"productLine2":"100g","pickupProductLine2":"100g","priceUnit":"kr/st","priceNoUnit":"15,90","savingsAmount":null,"googleAnalyticsCategory":"","gdprTrackingIncompliant":false,"nicotineMedicalProduct":false,"tobaccoFreeNicotineProduct":false,"nonEkoProduct":false,"precautionaryStatements":[],"hazards":[],"tobaccoProduct":false,"showGoodPriceIcon":false,"labels":["swedish_flag","keyhole"],"seoDescription":"","seoTitle":"","manufacturer":null,"incrementValue":1.0,"productBasketType":{"code":"ST","type":"ProductBasketTypeEnum"},"bargainProduct":false,"addToCartMessage":"","thumbnail":{"imageType":"PRIMARY","format":"thumbnail","url":"https://assets.axfood.se/image/upload/f_auto,t_100/07311042011873_C1N1_s01","altText":null,"galleryIndex":null,"width":null},"outOfStock":false,"online":true,"displayVolume":"100g","addToCartDisabled":false,"name":"Salladslök Knippe","code":"101361485_ST"},{"potentialPromotions":[],"inactivePotentialPromotions":[],"priceValue":9.9,"price":"9,90 kr","image":{"imageType":"PRIMARY","format":"product","url":"https://assets.axfood.se/image/upload/f_auto,t_200/07311042000358_C1N0_s01","altText":null,"galleryIndex":null,"width":null},"ranking":0.0,"depositPrice":"","averageWeight":null,"comparePrice":"34,14 kr","comparePriceUnit":"kg","isDrugProduct":false,"solrSearchScore":1.0,"energyDeclaration":null,"newsSplashProduct":false,"notAllowedB2b":false,"notAllowedAnonymous":false,"productLine2":"ca290g","pickupProductLine2":"ca290g","priceUnit":"kr/st","priceNoUnit":"9,90","savingsAmount":null,"googleAnalyticsCategory":"","gdprTrackingIncompliant":false,"nicotineMedicalProduct":false,"tobaccoFreeNicotineProduct":false,"nonEkoProduct":false,"precautionaryStatements":[],"hazards":[],"tobaccoProduct":false,"showGoodPriceIcon":false,"labels":["keyhole"],"seoDescription":"","seoTitle":"","manufacturer":null,"incrementValue":1.0,"productBasketType":{"code":"ST","type":"ProductBasketTypeEnum"},"bargainProduct":false,"addToCartMessage":"","thumbnail":{"imageType":"PRIMARY","format":"thumbnail","url":"https://assets.axfood.se/image/upload/f_auto,t_100/07311042000358_C1N0_s01","altText":null,"galleryIndex":null,"width":null},"outOfStock":false,"online":true,"displayVolume":"ca290g","addToCartDisabled":false,"name":"Grape Röd Klass 1","code":"101204878_ST"},{"potentialPromotions":[],"inactivePotentialPromotions":[],"priceValue":36.9,"price":"36,90 kr","image":{"imageType":"PRIMARY","format":"product","url":"https://assets.axfood.se/image/upload/f_auto,t_200/07311042006398_C1L1_s02","altText":null,"galleryIndex":null,"width":null},"ranking":0.0,"depositPrice":"","averageWeight":null,"comparePrice":"18,45 kr","comparePriceUnit":"kg","isDrugProduct":false,"solrSearchScore":1.0,"energyDeclaration":null,"newsSplashProduct":false,"notAllowedB2b":false,"notAllowedAnonymous":false,"productLine2":"2kg","pickupProductLine2":"2kg","priceUnit":"kr/st","priceNoUnit":"36,90","savingsAmount":null,"googleAnalyticsCategory":"","gdprTrackingIncompliant":false,"nicotineMedicalProduct":false,"tobaccoFreeNicotineProduct":false,"nonEkoProduct":false,"precautionaryStatements":[],"hazards":[],"tobaccoProduct":false,"showGoodPriceIcon":false,"labels":["swedish_flag","from_sweden","keyhole"],"seoDescription":"","seoTitle":"","manufacturer":null,"incrementValue":1.0,"productBasketType":{"code":"ST","type":"ProductBasketTypeEnum"},"bargainProduct":false,"addToCartMessage":"","thumbnail":{"imageType":"PRIMARY","format":"thumbnail","url":"https://assets.axfood.se/image/upload/f_auto,t_100/07311042006398_C1L1_s02","altText":null,"galleryIndex":null,"width":null},"outOfStock":false,"online":true,"displayVolume":"2kg","addToCartDisabled":false,"name":"Potatis Fast Klass 1","code":"101058267_ST"},{"potentialPromotions":[],"inactivePotentialPromotions":[],"priceValue":74.9,"price":"74,90 kr/kg","image":{"imageType":"PRIMARY","format":"product","url":"https://assets.axfood.se/image/upload/f_auto,t_200/07311042002109_C1N0_s01","altText":null,"galleryIndex":null,"width":null},"ranking":0.0,"depositPrice":"","averageWeight":0.015,"comparePrice":"74,90 kr","comparePriceUnit":"kg","isDrugProduct":false,"solrSearchScore":1.0,"energyDeclaration":null,"newsSplashProduct":false,"notAllowedB2b":false,"notAllowedAnonymous":false,"productLine2":"","pickupProductLine2":"","priceUnit":"kr/kg","priceNoUnit":"74,90","savingsAmount":null,"googleAnalyticsCategory":"","gdprTrackingIncompliant":false,"nicotineMedicalProduct":false,"tobaccoFreeNicotineProduct":false,"nonEkoProduct":false,"precautionaryStatements":[],"hazards":[],"tobaccoProduct":false,"showGoodPriceIcon":false,"labels":["keyhole"],"seoDescription":"","seoTitle":"","manufacturer":null,"incrementValue":0.1,"productBasketType":{"code":"VIKT","type":"ProductBasketTypeEnum"},"bargainProduct":false,"addToCartMessage":"","thumbnail":{"imageType":"PRIMARY","format":"thumbnail","url":"https://assets.axfood.se/image/upload/f_auto,t_100/07311042002109_C1N0_s01","altText":null,"galleryIndex":null,"width":null},"outOfStock":false,"online":true,"displayVolume":"","addToCartDisabled":false,"name":"Skogschamp Champinjon Klass 1","code":"100152166_KG"},{"potentialPromotions":[],"inactivePotentialPromotions":[],"priceValue":28.9,"price":"28,90 kr","image":{"imageType":"PRIMARY","format":"product","url":"https://assets.axfood.se/image/upload/f_auto,t_200/07311042011705_C1C1_s01","altText":null,"galleryIndex":null,"width":null},"ranking":0.0,"depositPrice":"","averageWeight":null,"comparePrice":"100,00 kr","comparePriceUnit":"kg","isDrugProduct":false,"solrSearchScore":1.0,"energyDeclaration":null,"newsSplashProduct":false,"notAllowedB2b":false,"notAllowedAnonymous":false,"productLine2":"289g","pickupProductLine2":"289g","priceUnit":"kr/st","priceNoUnit":"28,90","savingsAmount":null,"googleAnalyticsCategory":"","gdprTrackingIncompliant":false,"nicotineMedicalProduct":false,"tobaccoFreeNicotineProduct":false,"nonEkoProduct":false,"precautionaryStatements":[],"hazards":[],"tobaccoProduct":false,"showGoodPriceIcon":false,"labels":["keyhole"],"seoDescription":"","seoTitle":"","manufacturer":null,"incrementValue":1.0,"productBasketType":{"code":"ST","type":"ProductBasketTypeEnum"},"bargainProduct":false,"addToCartMessage":"","thumbnail":{"imageType":"PRIMARY","format":"thumbnail","url":"https://assets.axfood.se/image/upload/f_auto,t_100/07311042011705_C1C1_s01","altText":null,"galleryIndex":null,"width":null},"outOfStock":false,"online":true,"displayVolume":"289g","addToCartDisabled":false,"name":"Granatäpple","code":"100295333_ST"},{"potentialPromotions":[],"inactivePotentialPromotions":[],"priceValue":22.9,"price":"22,90 kr","image":{"imageType":"PRIMARY","format":"product","url":"https://assets.axfood.se/image/upload/f_auto,t_200/07311042001577_C1L1_s01","altText":null,"galleryIndex":null,"width":null},"ranking":0.0,"depositPrice":"","averageWeight":null,"comparePrice":"22,90 kr","comparePriceUnit":"kg","isDrugProduct":false,"solrSearchScore":1.0,"energyDeclaration":null,"newsSplashProduct":false,"notAllowedB2b":false,"notAllowedAnonymous":false,"productLine2":"GARANT EKO, 1kg","pickupProductLine2":"GARANT EKO, 1kg","priceUnit":"kr/st","priceNoUnit":"22,90","savingsAmount":null,"googleAnalyticsCategory":"","gdprTrackingIncompliant":false,"nicotineMedicalProduct":false,"tobaccoFreeNicotineProduct":false,"nonEkoProduct":false,"precautionaryStatements":[],"hazards":[],"tobaccoProduct":false,"showGoodPriceIcon":false,"labels":["ecological","krav","swedish_flag","eu_ecological","keyhole"],"seoDescription":"","seoTitle":"","manufacturer":"Garant Eko","incrementValue":1.0,"productBasketType":{"code":"ST","type":"ProductBasketTypeEnum"},"bargainProduct":false,"addToCartMessage":"","thumbnail":{"imageType":"PRIMARY","format":"thumbnail","url":"https://assets.axfood.se/image/upload/f_auto,t_100/07311042001577_C1L1_s01","altText":null,"galleryIndex":null,"width":null},"outOfStock":false,"online":true,"displayVolume":"1kg","addToCartDisabled":false,"name":"Morötter Eko Klass 1","code":"100930058_ST"},{"potentialPromotions":[],"inactivePotentialPromotions":[],"priceValue":44.9,"price":"44,90 kr/kg","image":{"imageType":"PRIMARY","format":"product","url":"https://assets.axfood.se/image/upload/f_auto,t_200/07311042000501_C1C0_s02","altText":null,"galleryIndex":null,"width":null},"ranking":0.0,"depositPrice":"","averageWeight":0.19,"comparePrice":"44,90 kr","comparePriceUnit":"kg","isDrugProduct":false,"solrSearchScore":1.0,"energyDeclaration":null,"newsSplashProduct":false,"notAllowedB2b":false,"notAllowedAnonymous":false,"productLine2":"GARANT EKO, ca: 190g","pickupProductLine2":"GARANT EKO, ca: 190g","priceUnit":"kr/kg","priceNoUnit":"44,90","savingsAmount":null,"googleAnalyticsCategory":"","gdprTrackingIncompliant":false,"nicotineMedicalProduct":false,"tobaccoFreeNicotineProduct":false,"nonEkoProduct":false,"precautionaryStatements":[],"hazards":[],"tobaccoProduct":false,"showGoodPriceIcon":false,"labels":["ecological","eu_ecological","keyhole"],"seoDescription":"","seoTitle":"","manufacturer":"Garant Eko","incrementValue":1.0,"productBasketType":{"code":"ST","type":"ProductBasketTypeEnum"},"bargainProduct":false,"addToCartMessage":"","thumbnail":{"imageType":"PRIMARY","format":"thumbnail","url":"https://assets.axfood.se/image/upload/f_auto,t_100/07311042000501_C1C0_s02","altText":null,"galleryIndex":null,"width":null},"outOfStock":false,"online":true,"displayVolume":"ca: 190g","addToCartDisabled":false,"name":"Äpple Royal Gala Eko Klass 1","code":"100475291_KG"},{"potentialPromotions":[],"inactivePotentialPromotions":[],"priceValue":12.9,"price":"12,90 kr","image":{"imageType":"PRIMARY","format":"product","url":"https://assets.axfood.se/image/upload/f_auto,t_200/07311042002505_C1N0_s01","altText":null,"galleryIndex":null,"width":null},"ranking":0.0,"depositPrice":"","averageWeight":null,"comparePrice":"34,40 kr","comparePriceUnit":"kg","isDrugProduct":false,"solrSearchScore":1.0,"energyDeclaration":null,"newsSplashProduct":false,"notAllowedB2b":false,"notAllowedAnonymous":false,"productLine2":"ca375g","pickupProductLine2":"ca375g","priceUnit":"kr/st","priceNoUnit":"12,90","savingsAmount":null,"googleAnalyticsCategory":"","gdprTrackingIncompliant":false,"nicotineMedicalProduct":false,"tobaccoFreeNicotineProduct":false,"nonEkoProduct":false,"precautionaryStatements":[],"hazards":[],"tobaccoProduct":false,"showGoodPriceIcon":false,"labels":["keyhole"],"seoDescription":"","seoTitle":"","manufacturer":null,"incrementValue":1.0,"productBasketType":{"code":"ST","type":"ProductBasketTypeEnum"},"bargainProduct":false,"addToCartMessage":"","thumbnail":{"imageType":"PRIMARY","format":"thumbnail","url":"https://assets.axfood.se/image/upload/f_auto,t_100/07311042002505_C1N0_s01","altText":null,"galleryIndex":null,"width":null},"outOfStock":false,"online":true,"displayVolume":"ca375g","addToCartDisabled":false,"name":"Bakpotatis Klass 1","code":"100266196_ST"},{"potentialPromotions":[],"inactivePotentialPromotions":[],"priceValue":29.9,"price":"29,90 kr/kg","image":{"imageType":"PRIMARY","format":"product","url":"https://assets.axfood.se/image/upload/f_auto,t_200/07311042001607_C1N1_s01","altText":null,"galleryIndex":null,"width":null},"ranking":0.0,"depositPrice":"","averageWeight":0.14,"comparePrice":"29,90 kr","comparePriceUnit":"kg","isDrugProduct":false,"solrSearchScore":1.0,"energyDeclaration":null,"newsSplashProduct":false,"notAllowedB2b":false,"notAllowedAnonymous":false,"productLine2":"ca: 140g","pickupProductLine2":"ca: 140g","priceUnit":"kr/kg","priceNoUnit":"29,90","savingsAmount":null,"googleAnalyticsCategory":"","gdprTrackingIncompliant":false,"nicotineMedicalProduct":false,"tobaccoFreeNicotineProduct":false,"nonEkoProduct":false,"precautionaryStatements":[],"hazards":[],"tobaccoProduct":false,"showGoodPriceIcon":false,"labels":["swedish_flag","keyhole"],"seoDescription":"","seoTitle":"","manufacturer":null,"incrementValue":1.0,"productBasketType":{"code":"ST","type":"ProductBasketTypeEnum"},"bargainProduct":false,"addToCartMessage":"","thumbnail":{"imageType":"PRIMARY","format":"thumbnail","url":"https://assets.axfood.se/image/upload/f_auto,t_100/07311042001607_C1N1_s01","altText":null,"galleryIndex":null,"width":null},"outOfStock":false,"online":true,"displayVolume":"ca: 140g","addToCartDisabled":false,"name":"Palsternacka Klass 1","code":"100149064_KG"},{"potentialPromotions":[],"inactivePotentialPromotions":[],"priceValue":49.9,"price":"49,90 kr/kg","image":{"imageType":"PRIMARY","format":"product","url":"https://assets.axfood.se/image/upload/f_auto,t_200/07311042016441_C1N1_s01","altText":null,"galleryIndex":null,"width":null},"ranking":0.0,"depositPrice":"","averageWeight":0.275,"comparePrice":"","comparePriceUnit":"","isDrugProduct":false,"solrSearchScore":1.0,"energyDeclaration":null,"newsSplashProduct":false,"notAllowedB2b":false,"notAllowedAnonymous":false,"productLine2":"ca: 275g","pickupProductLine2":"ca: 275g","priceUnit":"kr/kg","priceNoUnit":"49,90","savingsAmount":null,"googleAnalyticsCategory":"","gdprTrackingIncompliant":false,"nicotineMedicalProduct":false,"tobaccoFreeNicotineProduct":false,"nonEkoProduct":false,"precautionaryStatements":[],"hazards":[],"tobaccoProduct":false,"showGoodPriceIcon":false,"labels":["swedish_flag","keyhole"],"seoDescription":"","seoTitle":"","manufacturer":null,"incrementValue":1.0,"productBasketType":{"code":"ST","type":"ProductBasketTypeEnum"},"bargainProduct":false,"addToCartMessage":"","thumbnail":{"imageType":"PRIMARY","format":"thumbnail","url":"https://assets.axfood.se/image/upload/f_auto,t_100/07311042016441_C1N1_s01","altText":null,"galleryIndex":null,"width":null},"outOfStock":false,"online":true,"displayVolume":"ca: 275g","addToCartDisabled":false,"name":"Broccoli Kg Klass 1","code":"101203800_KG"}],"sorts":[{"code":"topRated","name":"Populärast","selected":true},{"code":"name-asc","name":"A – Ö","selected":false},{"code":"name-desc","name":"Ö – A","selected":false},{"code":"price-asc","name":"Pris (Billigast - Dyrast)","selected":false},{"code":"price-desc","name":"Pris (Dyrast - Billigast)","selected":false},{"code":"compareprice-asc","name":"Jämförpris (Billigast - Dyrast)","selected":false},{"code":"compareprice-desc","name":"Jämförpris (Dyrast - Billigast)","selected":false}],"pagination":{"pageSize":30,"currentPage":1,"sort":"topRated","numberOfPages":8,"totalNumberOfResults":236,"allProductsInCategoriesCount":236,"allProductsInSearchCount":0},"relatedResults":null,"relatedResultsPagination":null,"currentQuery":null,"breadcrumbs":[],"facets":[{"code":"commercialName2","name":"commercialName2","priority":-400,"category":false,"multiSelect":true,"visible":true,"topValues":null,"values":[{"code":"1 & 1","name":"1 & 1","count":1,"query":{"url":"frukt-och-gront?q=%3AtopRated%3AcommercialName2%3A1%2B%2526%2B1","query":{"value":":topRated:commercialName2:1+%26+1","filterQueries":[],"searchQueryContext":null,"searchType":null}},"selected":false},{"code":"Cajom","name":"Cajom","count":3,"query":{"url":"frukt-och-gront?q=%3AtopRated%3AcommercialName2%3ACajom","query":{"value":":topRated:commercialName2:Cajom","filterQueries":[],"searchQueryContext":null,"searchType":null}},"selected":false},{"code":"Garant","name":"Garant","count":38,"query":{"url":"frukt-och-gront?q=%3AtopRated%3AcommercialName2%3AGarant","query":{"value":":topRated:commercialName2:Garant","filterQueries":[],"searchQueryContext":null,"searchType":null}},"selected":false},{"code":"Garant Eko","name":"Garant Eko","count":22,"query":{"url":"frukt-och-gront?q=%3AtopRated%3AcommercialName2%3AGarant%2BEko","query":{"value":":topRated:commercialName2:Garant+Eko","filterQueries":[],"searchQueryContext":null,"searchType":null}},"selected":false}]},{"code":"productLabelTypes","name":"productLabelTypes","priority":-1000,"category":false,"multiSelect":false,"visible":true,"topValues":null,"values":[{"code":"ECOLOGICAL","name":"Ekologisk","count":40,"query":{"url":"frukt-och-gront?q=%3AtopRated%3AproductLabelTypes%3AECOLOGICAL","query":{"value":":topRated:productLabelTypes:ECOLOGICAL","filterQueries":[],"searchQueryContext":null,"searchType":null}},"selected":false},{"code":"FAIRTRADE_FACET","name":"Fairtrade","count":1,"query":{"url":"frukt-och-gront?q=%3AtopRated%3AproductLabelTypes%3AFAIRTRADE_FACET","query":{"value":":topRated:productLabelTypes:FAIRTRADE_FACET","filterQueries":[],"searchQueryContext":null,"searchType":null}},"selected":false},{"code":"ENVIRONMENTAL_FACET","name":"Miljömärkt","count":2,"query":{"url":"frukt-och-gront?q=%3AtopRated%3AproductLabelTypes%3AENVIRONMENTAL_FACET","query":{"value":":topRated:productLabelTypes:ENVIRONMENTAL_FACET","filterQueries":[],"searchQueryContext":null,"searchType":null}},"selected":false},{"code":"KEYHOLE","name":"Nyckelhålet","count":197,"query":{"url":"frukt-och-gront?q=%3AtopRated%3AproductLabelTypes%3AKEYHOLE","query":{"value":":topRated:productLabelTypes:KEYHOLE","filterQueries":[],"searchQueryContext":null,"searchType":null}},"selected":false},{"code":"SWEDISH_FLAG","name":"Svenskt","count":73,"query":{"url":"frukt-och-gront?q=%3AtopRated%3AproductLabelTypes%3ASWEDISH_FLAG","query":{"value":":topRated:productLabelTypes:SWEDISH_FLAG","filterQueries":[],"searchQueryContext":null,"searchType":null}},"selected":false}]}],"freeTextSearch":"","categoryCode":null,"keywordRedirectUrl":null,"spellingSuggestion":null,"categoryName":null,"customSuggestion":null,"categoryBreadcrumbs":{"url":"frukt-och-gront","name":"Frukt & Grönt","linkClass":null,"categoryCode":"N05"},"navigationCategories":null,"usedQuery":null,"subCategories":[{"code":"N0501","name":"Frukt","url":"frukt-och-gront/frukt","description":null,"image":null,"parentCategoryName":"Frukt & Grönt","sequence":0,"seoTitle":null,"seoDescription":null},{"code":"N0502","name":"Färska bär","url":"frukt-och-gront/farska-bar","description":null,"image":null,"parentCategoryName":"Frukt & Grönt","sequence":0,"seoTitle":null,"seoDescription":null},{"code":"N0503","name":"Grönsaker","url":"frukt-och-gront/gronsaker","description":null,"image":null,"parentCategoryName":"Frukt & Grönt","sequence":0,"seoTitle":null,"seoDescription":null},{"code":"N0504","name":"Potatis & rotsaker","url":"frukt-och-gront/potatis-och-rotsaker","description":null,"image":null,"parentCategoryName":"Frukt & Grönt","sequence":0,"seoTitle":null,"seoDescription":null},{"code":"N0505","name":"Svamp","url":"frukt-och-gront/svamp","description":null,"image":null,"parentCategoryName":"Frukt & Grönt","sequence":0,"seoTitle":null,"seoDescription":null},{"code":"N0506","name":"Kryddor & smaksättare","url":"frukt-och-gront/kryddor-och-smaksattare","description":null,"image":null,"parentCategoryName":"Frukt & Grönt","sequence":0,"seoTitle":null,"seoDescription":null}],"categoryInfo":{"code":"N05","name":"Frukt & Grönt","url":"frukt-och-gront","description":null,"image":null,"parentCategoryName":null,"sequence":0,"seoTitle":null,"seoDescription":null},"superCategories":[{"code":"N00","name":"Alla varor","url":"/alla-varor/c/","description":null,"image":null,"parentCategoryName":null,"sequence":0,"seoTitle":null,"seoDescription":null}],"restrictedProductTypes":""}
---
{"results":[{"potentialPromotions":[],"inactivePotentialPromotions":[],"priceValue":36.9,"price":"36,90 kr","image":{"imageType":"PRIMARY","format":"product","url":"https://assets.axfood.se/image/upload/f_auto,t_200/07311042010180_C1L1_s01","altText":null,"galleryIndex":null,"width":null},"ranking":0.0,"depositPrice":"","averageWeight":null,"comparePrice":"18,45 kr","comparePriceUnit":"kg","isDrugProduct":false,"solrSearchScore":1.0,"energyDeclaration":null,"newsSplashProduct":false,"notAllowedB2b":false,"notAllowedAnonymous":false,"productLine2":"GARANT, 2kg","pickupProductLine2":"GARANT, 2kg","priceUnit":"kr/st","priceNoUnit":"36,90","savingsAmount":null,"googleAnalyticsCategory":"","gdprTrackingIncompliant":false,"nicotineMedicalProduct":false,"tobaccoFreeNicotineProduct":false,"nonEkoProduct":false,"precautionaryStatements":[],"hazards":[],"tobaccoProduct":false,"showGoodPriceIcon":false,"labels":["swedish_flag","from_sweden","keyhole"],"seoDescription":"","seoTitle":"","manufacturer":"Garant","incrementValue":1.0,"productBasketType":{"code":"ST","type":"ProductBasketTypeEnum"},"bargainProduct":false,"addToCartMessage":"","thumbnail":{"imageType":"PRIMARY","format":"thumbnail","url":"https://assets.axfood.se/image/upload/f_auto,t_100/07311042010180_C1L1_s01","altText":null,"galleryIndex":null,"width":null},"outOfStock":true,"online":true,"displayVolume":"2kg","addToCartDisabled":false,"name":"Potatis Kok Stor Klass 1","code":"101302362_ST"},{"potentialPromotions":[],"inactivePotentialPromotions":[],"priceValue":23.9,"price":"23,90 kr","image":{"imageType":"PRIMARY","format":"product","url":"https://assets.axfood.se/image/upload/f_auto,t_200/07311042002048_C1N1_s01","altText":null,"galleryIndex":null,"width":null},"ranking":0.0,"depositPrice":"","averageWeight":null,"comparePrice":"119,50 kr","comparePriceUnit":"kg","isDrugProduct":false,"solrSearchScore":1.0,"energyDeclaration":null,"newsSplashProduct":false,"notAllowedB2b":false,"notAllowedAnonymous":false,"productLine2":"200g","pickupProductLine2":"200g","priceUnit":"kr/st","priceNoUnit":"23,90","savingsAmount":null,"googleAnalyticsCategory":"","gdprTrackingIncompliant":false,"nicotineMedicalProduct":false,"tobaccoFreeNicotineProduct":false,"nonEkoProduct":false,"precautionaryStatements":[],"hazards":[],"tobaccoProduct":false,"showGoodPriceIcon":false,"labels":["keyhole"],"seoDescription":"","seoTitle":"","manufacturer":null,"incrementValue":1.0,"productBasketType":{"code":"ST","type":"ProductBasketTypeEnum"},"bargainProduct":false,"addToCartMessage":"","thumbnail":{"imageType":"PRIMARY","format":"thumbnail","url":"https://assets.axfood.se/image/upload/f_auto,t_100/07311042002048_C1N1_s01","altText":null,"galleryIndex":null,"width":null},"outOfStock":false,"online":true,"displayVolume":"200g","addToCartDisabled":false,"name":"Säsongsmix Klass 1","code":"101035121_ST"},{"potentialPromotions":[],"inactivePotentialPromotions":[],"priceValue":19.9,"price":"19,90 kr","image":{"imageType":"PRIMARY","format":"product","url":"https://assets.axfood.se/image/upload/f_auto,t_200/07311042011538_C1N1_s01","altText":null,"galleryIndex":null,"width":null},"ranking":0.0,"depositPrice":"","averageWeight":null,"comparePrice":"132,67 kr","comparePriceUnit":"kg","isDrugProduct":false,"solrSearchScore":1.0,"energyDeclaration":null,"newsSplashProduct":false,"notAllowedB2b":false,"notAllowedAnonymous":false,"productLine2":"150g","pickupProductLine2":"150g","priceUnit":"kr/st","priceNoUnit":"19,90","savingsAmount":null,"googleAnalyticsCategory":"","gdprTrackingIncompliant":false,"nicotineMedicalProduct":false,"tobaccoFreeNicotineProduct":false,"nonEkoProduct":false,"precautionaryStatements":[],"hazards":[],"tobaccoProduct":false,"showGoodPriceIcon":false,"labels":["keyhole"],"seoDescription":"","seoTitle":"","manufacturer":null,"incrementValue":1.0,"productBasketType":{"code":"ST","type":"ProductBasketTypeEnum"},"bargainProduct":false,"addToCartMessage":"","thumbnail":{"imageType":"PRIMARY","format":"thumbnail","url":"https://assets.axfood.se/image/upload/f_auto,t_100/07311042011538_C1N1_s01","altText":null,"galleryIndex":null,"width":null},"outOfStock":false,"online":true,"displayVolume":"150g","addToCartDisabled":false,"name":"Paprika Snacks Mix Klass 1","code":"101206890_ST"},{"potentialPromotions":[],"inactivePotentialPromotions":[],"priceValue":109.0,"price":"109,00 kr/kg","image":{"imageType":"PRIMARY","format":"product","url":"https://assets.axfood.se/image/upload/f_auto,t_200/07311042000815_C1N0_s01","altText":null,"galleryIndex":null,"width":null},"ranking":0.0,"depositPrice":"","averageWeight":0.02,"comparePrice":"109,00 kr","comparePriceUnit":"kg","isDrugProduct":false,"solrSearchScore":1.0,"energyDeclaration":null,"newsSplashProduct":false,"notAllowedB2b":false,"notAllowedAnonymous":false,"productLine2":"ca: 20g","pickupProductLine2":"ca: 20g","priceUnit":"kr/kg","priceNoUnit":"109,00","savingsAmount":null,"googleAnalyticsCategory":"","gdprTrackingIncompliant":false,"nicotineMedicalProduct":false,"tobaccoFreeNicotineProduct":false,"nonEkoProduct":false,"precautionaryStatements":[],"hazards":[],"tobaccoProduct":false,"showGoodPriceIcon":false,"labels":["keyhole"],"seoDescription":"","seoTitle":"","manufacturer":null,"incrementValue":1.0,"productBasketType":{"code":"ST","type":"ProductBasketTypeEnum"},"bargainProduct":false,"addToCartMessage":"","thumbnail":{"imageType":"PRIMARY","format":"thumbnail","url":"https://assets.axfood.se/image/upload/f_auto,t_100/07311042000815_C1N0_s01","altText":null,"galleryIndex":null,"width":null},"outOfStock":false,"online":true,"displayVolume":"ca: 20g","addToCartDisabled":false,"name":"Peppar Grön Klass 1","code":"100149858_KG"},{"potentialPromotions":[],"inactivePotentialPromotions":[],"priceValue":48.9,"price":"48,90 kr","image":{"imageType":"PRIMARY","format":"product","url":"https://assets.axfood.se/image/upload/f_auto,t_200/07311042001300_C1L1_s01","altText":null,"galleryIndex":null,"width":null},"ranking":0.0,"depositPrice":"","averageWeight":null,"comparePrice":"97,80 kr","comparePriceUnit":"kg","isDrugProduct":false,"solrSearchScore":1.0,"energyDeclaration":null,"newsSplashProduct":false,"notAllowedB2b":false,"notAllowedAnonymous":false,"productLine2":"500g","pickupProductLine2":"500g","priceUnit":"kr/st","priceNoUnit":"48,90","savingsAmount":null,"googleAnalyticsCategory":"","gdprTrackingIncompliant":false,"nicotineMedicalProduct":false,"tobaccoFreeNicotineProduct":false,"nonEkoProduct":false,"precautionaryStatements":[],"hazards":[],"tobaccoProduct":false,"showGoodPriceIcon":false,"labels":["keyhole"],"seoDescription":"","seoTitle":"","manufacturer":null,"incrementValue":1.0,"productBasketType":{"code":"ST","type":"ProductBasketTypeEnum"},"bargainProduct":false,"addToCartMessage":"","thumbnail":{"imageType":"PRIMARY","format":"thumbnail","url":"https://assets.axfood.se/image/upload/f_auto,t_100/07311042001300_C1L1_s01","altText":null,"galleryIndex":null,"width":null},"outOfStock":false,"online":true,"displayVolume":"500g","addToCartDisabled":false,"name":"Vitlök Fläta Klass 1","code":"101143362_ST"},{"potentialPromotions":[],"inactivePotentialPromotions":[],"priceValue":24.9,"price":"24,90 kr","image":{"imageType":"PRIMARY","format":"product","url":"https://assets.axfood.se/image/upload/f_auto,t_200/07311042006015_C1N1_s01","altText":null,"galleryIndex":null,"width":null},"ranking":0.0,"depositPrice":"","averageWeight":null,"comparePrice":"124,50 kr","comparePriceUnit":"kg","isDrugProduct":false,"solrSearchScore":1.0,"energyDeclaration":null,"newsSplashProduct":false,"notAllowedB2b":false,"notAllowedAnonymous":false,"productLine2":"200g","pickupProductLine2":"200g","priceUnit":"kr/st","priceNoUnit":"24,90","savingsAmount":null,"googleAnalyticsCategory":"","gdprTrackingIncompliant":false,"nicotineMedicalProduct":false,"tobaccoFreeNicotineProduct":false,"nonEkoProduct":false,"precautionaryStatements":[],"hazards":[],"tobaccoProduct":false,"showGoodPriceIcon":false,"labels":["swedish_flag","keyhole"],"seoDescription":"","seoTitle":"","manufacturer":null,"incrementValue":1.0,"productBasketType":{"code":"ST","type":"ProductBasketTypeEnum"},"bargainProduct":false,"addToCartMessage":"","thumbnail":{"imageType":"PRIMARY","format":"thumbnail","url":"https://assets.axfood.se/image/upload/f_auto,t_100/07311042006015_C1N1_s01","altText":null,"galleryIndex":null,"width":null},"outOfStock":false,"online":true,"displayVolume":"200g","addToCartDisabled":false,"name":"Sallad Nouvell Klass 1","code":"101257646_ST"},{"potentialPromotions":[],"inactivePotentialPromotions":[],"priceValue":109.0,"price":"109,00 kr/kg","image":{"imageType":"PRIMARY","format":"product","url":"https://assets.axfood.se/image/upload/f_auto,t_200/07311042000822_C1N0_s02","altText":null,"galleryIndex":null,"width":null},"ranking":0.0,"depositPrice":"","averageWeight":0.02,"comparePrice":"109,00 kr","comparePriceUnit":"kg","isDrugProduct":false,"solrSearchScore":1.0,"energyDeclaration":null,"newsSplashProduct":false,"notAllowedB2b":false,"notAllowedAnonymous":false,"productLine2":"ca: 20g","pickupProductLine2":"ca: 20g","priceUnit":"kr/kg","priceNoUnit":"109,00","savingsAmount":null,"googleAnalyticsCategory":"","gdprTrackingIncompliant":false,"nicotineMedicalProduct":false,"tobaccoFreeNicotineProduct":false,"nonEkoProduct":false,"precautionaryStatements":[],"hazards":[],"tobaccoProduct":false,"showGoodPriceIcon":false,"labels":["keyhole"],"seoDescription":"","seoTitle":"","manufacturer":null,"incrementValue":1.0,"productBasketType":{"code":"ST","type":"ProductBasketTypeEnum"},"bargainProduct":false,"addToCartMessage":"","thumbnail":{"imageType":"PRIMARY","format":"thumbnail","url":"https://assets.axfood.se/image/upload/f_auto,t_100/07311042000822_C1N0_s02","altText":null,"galleryIndex":null,"width":null},"outOfStock":false,"online":true,"displayVolume":"ca: 20g","addToCartDisabled":false,"name":"Peppar Röd Klass 1","code":"100149929_KG"},{"potentialPromotions":[],"inactivePotentialPromotions":[],"priceValue":44.9,"price":"44,90 kr/kg","image":{"imageType":"PRIMARY","format":"product","url":"https://assets.axfood.se/image/upload/f_auto,t_200/07311042001638_C1N0_s01","altText":null,"galleryIndex":null,"width":null},"ranking":0.0,"depositPrice":"","averageWeight":0.22,"comparePrice":"44,90 kr","comparePriceUnit":"kg","isDrugProduct":false,"solrSearchScore":1.0,"energyDeclaration":null,"newsSplashProduct":false,"notAllowedB2b":false,"notAllowedAnonymous":false,"productLine2":"ca: 220g","pickupProductLine2":"ca: 220g","priceUnit":"kr/kg","priceNoUnit":"44,90","savingsAmount":null,"googleAnalyticsCategory":"","gdprTrackingIncompliant":false,"nicotineMedicalProduct":false,"tobaccoFreeNicotineProduct":false,"nonEkoProduct":false,"precautionaryStatements":[],"hazards":[],"tobaccoProduct":false,"showGoodPriceIcon":false,"labels":["keyhole"],"seoDescription":"","seoTitle":"","manufacturer":null,"incrementValue":1.0,"productBasketType":{"code":"ST","type":"ProductBasketTypeEnum"},"bargainProduct":false,"addToCartMessage":"","thumbnail":{"imageType":"PRIMARY","format":"thumbnail","url":"https://assets.axfood.se/image/upload/f_auto,t_100/07311042001638_C1N0_s01","altText":null,"galleryIndex":null,"width":null},"outOfStock":false,"online":true,"displayVolume":"ca: 220g","addToCartDisabled":false,"name":"Paprika Grön Klass 1","code":"100149224_KG"},{"potentialPromotions":[],"inactivePotentialPromotions":[],"priceValue":24.9,"price":"24,90 kr","image":{"imageType":"PRIMARY","format":"product","url":"https://assets.axfood.se/image/upload/f_auto,t_200/07311042002024_C1N1_s01","altText":null,"galleryIndex":null,"width":null},"ranking":0.0,"depositPrice":"","averageWeight":null,"comparePrice":"124,50 kr","comparePriceUnit":"kg","isDrugProduct":false,"solrSearchScore":1.0,"energyDeclaration":null,"newsSplashProduct":false,"notAllowedB2b":false,"notAllowedAnonymous":false,"productLine2":"200g","pickupProductLine2":"200g","priceUnit":"kr/st","priceNoUnit":"24,90","savingsAmount":null,"googleAnalyticsCategory":"","gdprTrackingIncompliant":false,"nicotineMedicalProduct":false,"tobaccoFreeNicotineProduct":false,"nonEkoProduct":false,"precautionaryStatements":[],"hazards":[],"tobaccoProduct":false,"showGoodPriceIcon":false,"labels":["keyhole"],"seoDescription":"","seoTitle":"","manufacturer":null,"incrementValue":1.0,"productBasketType":{"code":"ST","type":"ProductBasketTypeEnum"},"bargainProduct":false,"addToCartMessage":"","thumbnail":{"imageType":"PRIMARY","format":"thumbnail","url":"https://assets.axfood.se/image/upload/f_auto,t_100/07311042002024_C1N1_s01","altText":null,"galleryIndex":null,"width":null},"outOfStock":false,"online":true,"displayVolume":"200g","addToCartDisabled":false,"name":"Ruccola Klass 1","code":"100939424_ST"},{"potentialPromotions":[],"inactivePotentialPromotions":[],"priceValue":19.9,"price":"19,90 kr/kg","image":{"imageType":"PRIMARY","format":"product","url":"https://assets.axfood.se/image/upload/f_auto,t_200/07311042017028_C1L0_s01","altText":null,"galleryIndex":null,"width":null},"ranking":0.0,"depositPrice":"","averageWeight":4.0,"comparePrice":"19,90 kr","comparePriceUnit":"kg","isDrugProduct":false,"solrSearchScore":1.0,"energyDeclaration":null,"newsSplashProduct":false,"notAllowedB2b":false,"notAllowedAnonymous":false,"productLine2":"ca: 4kg","pickupProductLine2":"ca: 4kg","priceUnit":"kr/kg","priceNoUnit":"19,90","savingsAmount":null,"googleAnalyticsCategory":"","gdprTrackingIncompliant":false,"nicotineMedicalProduct":false,"tobaccoFreeNicotineProduct":false,"nonEkoProduct":false,"precautionaryStatements":[],"hazards":[],"tobaccoProduct":false,"showGoodPriceIcon":false,"labels":["keyhole"],"seoDescription":"","seoTitle":"","manufacturer":null,"incrementValue":1.0,"productBasketType":{"code":"ST","type":"ProductBasketTypeEnum"},"bargainProduct":false,"addToCartMessage":"","thumbnail":{"imageType":"PRIMARY","format":"thumbnail","url":"https://assets.axfood.se/image/upload/f_auto,t_100/07311042017028_C1L0_s01","altText":null,"galleryIndex":null,"width":null},"outOfStock":false,"online":true,"displayVolume":"ca: 4kg","addToCartDisabled":false,"name":"Melon Vatten Klass 1","code":"101273856_KG"},{"potentialPromotions":[],"inactivePotentialPromotions":[],"priceValue":99.0,"price":"99,00 kr/kg","image":{"imageType":"PRIMARY","format":"product","url":"https://assets.axfood.se/image/upload/f_auto,t_200/07311042005964_C1R0_s01","altText":null,"galleryIndex":null,"width":null},"ranking":0.0,"depositPrice":"","averageWeight":0.5,"comparePrice":"99,00 kr","comparePriceUnit":"kg","isDrugProduct":false,"solrSearchScore":1.0,"energyDeclaration":null,"newsSplashProduct":false,"notAllowedB2b":false,"notAllowedAnonymous":false,"productLine2":"ca: 500g","pickupProductLine2":"ca: 500g","priceUnit":"kr/kg","priceNoUnit":"99,00","savingsAmount":null,"googleAnalyticsCategory":"","gdprTrackingIncompliant":false,"nicotineMedicalProduct":false,"tobaccoFreeNicotineProduct":false,"nonEkoProduct":false,"precautionaryStatements":[],"hazards":[],"tobaccoProduct":false,"showGoodPriceIcon":false,"labels":["keyhole"],"seoDescription":"","seoTitle":"","manufacturer":null,"incrementValue":1.0,"productBasketType":{"code":"ST","type":"ProductBasketTypeEnum"},"bargainProduct":false,"addToCartMessage":"","thumbnail":{"imageType":"PRIMARY","format":"thumbnail","url":"https://assets.axfood.se/image/upload/f_auto,t_100/07311042005964_C1R0_s01","altText":null,"galleryIndex":null,"width":null},"outOfStock":true,"online":true,"displayVolume":"ca: 500g","addToCartDisabled":false,"name":"Jordgubbar Import Klass 1","code":"100566576_KG"},{"potentialPromotions":[],"inactivePotentialPromotions":[],"priceValue":17.9,"price":"17,90 kr","image":{"imageType":"PRIMARY","format":"product","url":"https://assets.axfood.se/image/upload/f_auto,t_200/07311042002635_C1N1_s01","altText":null,"galleryIndex":null,"width":null},"ranking":0.0,"depositPrice":"","averageWeight":null,"comparePrice":"89,50 kr","comparePriceUnit":"kg","isDrugProduct":false,"solrSearchScore":1.0,"energyDeclaration":null,"newsSplashProduct":false,"notAllowedB2b":false,"notAllowedAnonymous":false,"productLine2":"ca200g","pickupProductLine2":"ca200g","priceUnit":"kr/st","priceNoUnit":"17,90","savingsAmount":null,"googleAnalyticsCategory":"","gdprTrackingIncompliant":false,"nicotineMedicalProduct":false,"tobaccoFreeNicotineProduct":false,"nonEkoProduct":false,"precautionaryStatements":[],"hazards":[],"tobaccoProduct":false,"showGoodPriceIcon":false,"labels":["swedish_flag","keyhole"],"seoDescription":"","seoTitle":"","manufacturer":null,"incrementValue":1.0,"productBasketType":{"code":"ST","type":"ProductBasketTypeEnum"},"bargainProduct":false,"addToCartMessage":"","thumbnail":{"imageType":"PRIMARY","format":"thumbnail","url":"https://assets.axfood.se/image/upload/f_auto,t_100/07311042002635_C1N1_s01","altText":null,"galleryIndex":null,"width":null},"outOfStock":false,"online":true,"displayVolume":"ca200g","addToCartDisabled":false,"name":"Kruksallat Klass 1","code":"100297064_ST"},{"potentialPromotions":[],"inactivePotentialPromotions":[],"priceValue":39.9,"price":"39,90 kr/kg","image":{"imageType":"PRIMARY","format":"product","url":"https://assets.axfood.se/image/upload/f_auto,t_200/07311042001881_C1N0_s01","altText":null,"galleryIndex":null,"width":null},"ranking":0.0,"depositPrice":"","averageWeight":0.6,"comparePrice":"39,90 kr","comparePriceUnit":"kg","isDrugProduct":false,"solrSearchScore":1.0,"energyDeclaration":null,"newsSplashProduct":false,"notAllowedB2b":false,"notAllowedAnonymous":false,"productLine2":"ca: 600g","pickupProductLine2":"ca: 600g","priceUnit":"kr/kg","priceNoUnit":"39,90","savingsAmount":null,"googleAnalyticsCategory":"","gdprTrackingIncompliant":false,"nicotineMedicalProduct":false,"tobaccoFreeNicotineProduct":false,"nonEkoProduct":false,"precautionaryStatements":[],"hazards":[],"tobaccoProduct":false,"showGoodPriceIcon":false,"labels":["keyhole"],"seoDescription":"","seoTitle":"","manufacturer":null,"incrementValue":1.0,"productBasketType":{"code":"ST","type":"ProductBasketTypeEnum"},"bargainProduct":false,"addToCartMessage":"","thumbnail":{"imageType":"PRIMARY","format":"thumbnail","url":"https://assets.axfood.se/image/upload/f_auto,t_100/07311042001881_C1N0_s01","altText":null,"galleryIndex":null,"width":null},"outOfStock":false,"online":true,"displayVolume":"ca: 600g","addToCartDisabled":false,"name":"Rättika Vit Klass 1","code":"100151069_KG"},{"potentialPromotions":[],"inactivePotentialPromotions":[],"priceValue":15.9,"price":"15,90 kr","image":{"imageType":"PRIMARY","format":"product","url":"https://assets.axfood.se/image/upload/f_auto,t_200/07311042010135_C1L1_s01","altText":null,"galleryIndex":null,"width":null},"ranking":0.0,"depositPrice":"","averageWeight":null,"comparePrice":"17,67 kr","comparePriceUnit":"kg","isDrugProduct":false,"solrSearchScore":1.0,"energyDeclaration":null,"newsSplashProduct":false,"notAllowedB2b":false,"notAllowedAnonymous":false,"productLine2":"GARANT, 900g","pickupProductLine2":"GARANT, 900g","priceUnit":"kr/st","priceNoUnit":"15,90","savingsAmount":null,"googleAnalyticsCategory":"","gdprTrackingIncompliant":false,"nicotineMedicalProduct":false,"tobaccoFreeNicotineProduct":false,"nonEkoProduct":false,"precautionaryStatements":[],"hazards":[],"tobaccoProduct":false,"showGoodPriceIcon":false,"labels":["swedish_flag","from_sweden","keyhole"],"seoDescription":"","seoTitle":"","manufacturer":"Garant","incrementValue":1.0,"productBasketType":{"code":"ST","type":"ProductBasketTypeEnum"},"bargainProduct":false,"addToCartMessage":"","thumbnail":{"imageType":"PRIMARY","format":"thumbnail","url":"https://assets.axfood.se/image/upload/f_auto,t_100/07311042010135_C1L1_s01","altText":null,"galleryIndex":null,"width":null},"outOfStock":false,"online":true,"displayVolume":"900g","addToCartDisabled":false,"name":"Potatis Mjölig Klass 1","code":"101301936_ST"},{"potentialPromotions":[],"inactivePotentialPromotions":[],"priceValue":37.9,"price":"37,90 kr/kg","image":{"imageType":"PRIMARY","format":"product","url":"https://assets.axfood.se/image/upload/f_auto,t_200/07311042000945_C1N0_s01","altText":null,"galleryIndex":null,"width":null},"ranking":0.0,"depositPrice":"","averageWeight":0.29,"comparePrice":"37,90 kr","comparePriceUnit":"kg","isDrugProduct":false,"solrSearchScore":1.0,"energyDeclaration":null,"newsSplashProduct":false,"notAllowedB2b":false,"notAllowedAnonymous":false,"productLine2":"ca: 290g","pickupProductLine2":"ca: 290g","priceUnit":"kr/kg","priceNoUnit":"37,90","savingsAmount":null,"googleAnalyticsCategory":"","gdprTrackingIncompliant":false,"nicotineMedicalProduct":false,"tobaccoFreeNicotineProduct":false,"nonEkoProduct":false,"precautionaryStatements":[],"hazards":[],"tobaccoProduct":false,"showGoodPriceIcon":false,"labels":["swedish_flag","keyhole"],"seoDescription":"","seoTitle":"","manufacturer":null,"incrementValue":1.0,"productBasketType":{"code":"ST","type":"ProductBasketTypeEnum"},"bargainProduct":false,"addToCartMessage":"","thumbnail":{"imageType":"PRIMARY","format":"thumbnail","url":"https://assets.axfood.se/image/upload/f_auto,t_100/07311042000945_C1N0_s01","altText":null,"galleryIndex":null,"width":null},"outOfStock":false,"online":true,"displayVolume":"ca: 290g","addToCartDisabled":false,"name":"Fänkål Klass 1","code":"100147020_KG"},{"potentialPromotions":[],"inactivePotentialPromotions":[],"priceValue":13.9,"price":"13,90 kr","image":{"imageType":"PRIMARY","format":"product","url":"https://assets.axfood.se/image/upload/f_auto,t_200/07311042015925_C1N1_s03","altText":null,"galleryIndex":null,"width":null},"ranking":0.0,"depositPrice":"","averageWeight":null,"comparePrice":"","comparePriceUnit":"","isDrugProduct":false,"solrSearchScore":1.0,"energyDeclaration":null,"newsSplashProduct":false,"notAllowedB2b":false,"notAllowedAnonymous":false,"productLine2":"GARANT, 25g","pickupProductLine2":"GARANT, 25g","priceUnit":"kr/st","priceNoUnit":"13,90","savingsAmount":null,"googleAnalyticsCategory":"","gdprTrackingIncompliant":false,"nicotineMedicalProduct":false,"tobaccoFreeNicotineProduct":false,"nonEkoProduct":false,"precautionaryStatements":[],"hazards":[],"tobaccoProduct":false,"showGoodPriceIcon":false,"labels":[],"seoDescription":"","seoTitle":"","manufacturer":"Garant","incrementValue":1.0,"productBasketType":{"code":"ST","type":"ProductBasketTypeEnum"},"bargainProduct":false,"addToCartMessage":"","thumbnail":{"imageType":"PRIMARY","format":"thumbnail","url":"https://assets.axfood.se/image/upload/f_auto,t_100/07311042015925_C1N1_s03","altText":null,"galleryIndex":null,"width":null},"outOfStock":false,"online":true,"displayVolume":"25g","addToCartDisabled":false,"name":"Koriander Klass 1","code":"101599943_ST"},{"potentialPromotions":[],"inactivePotentialPromotions":[],"priceValue":16.9,"price":"16,90 kr","image":{"imageType":"PRIMARY","format":"product","url":"https://assets.axfood.se/image/upload/f_auto,t_200/07340083438288_C1C1_s01","altText":null,"galleryIndex":null,"width":null},"ranking":0.0,"depositPrice":"","averageWeight":null,"comparePrice":"260,00 kr","comparePriceUnit":"kg","isDrugProduct":false,"solrSearchScore":1.0,"energyDeclaration":null,"newsSplashProduct":false,"notAllowedB2b":false,"notAllowedAnonymous":false,"productLine2":"GARANT EKO, 65g","pickupProductLine2":"GARANT EKO, 65g","priceUnit":"kr/st","priceNoUnit":"16,90","savingsAmount":null,"googleAnalyticsCategory":"","gdprTrackingIncompliant":false,"nicotineMedicalProduct":false,"tobaccoFreeNicotineProduct":false,"nonEkoProduct":false,"precautionaryStatements":[],"hazards":[],"tobaccoProduct":false,"showGoodPriceIcon":false,"labels":["ecological","eu_ecological","keyhole"],"seoDescription":"","seoTitle":"","manufacturer":"Garant Eko","incrementValue":1.0,"productBasketType":{"code":"ST","type":"ProductBasketTypeEnum"},"bargainProduct":false,"addToCartMessage":"","thumbnail":{"imageType":"PRIMARY","format":"thumbnail","url":"https://assets.axfood.se/image/upload/f_auto,t_100/07340083438288_C1C1_s01","altText":null,"galleryIndex":null,"width":null},"outOfStock":false,"online":true,"displayVolume":"65g","addToCartDisabled":false,"name":"Ruccola Ekologisk Klass 1","code":"101232114_ST"},{"potentialPromotions":[],"inactivePotentialPromotions":[],"priceValue":49.9,"price":"49,90 kr/kg","image":{"imageType":"PRIMARY","format":"product","url":"https://assets.axfood.se/image/upload/f_auto,t_200/07311042001782_C1N0_s01","altText":null,"galleryIndex":null,"width":null},"ranking":0.0,"depositPrice":"","averageWeight":1.0,"comparePrice":"49,90 kr","comparePriceUnit":"kg","isDrugProduct":false,"solrSearchScore":1.0,"energyDeclaration":null,"newsSplashProduct":false,"notAllowedB2b":false,"notAllowedAnonymous":false,"productLine2":"","pickupProductLine2":"","priceUnit":"kr/kg","priceNoUnit":"49,90","savingsAmount":null,"googleAnalyticsCategory":"","gdprTrackingIncompliant":false,"nicotineMedicalProduct":false,"tobaccoFreeNicotineProduct":false,"nonEkoProduct":false,"precautionaryStatements":[],"hazards":[],"tobaccoProduct":false,"showGoodPriceIcon":false,"labels":["swedish_flag","keyhole"],"seoDescription":"","seoTitle":"","manufacturer":null,"incrementValue":0.1,"productBasketType":{"code":"VIKT","type":"ProductBasketTypeEnum"},"bargainProduct":false,"addToCartMessage":"","thumbnail":{"imageType":"PRIMARY","format":"thumbnail","url":"https://assets.axfood.se/image/upload/f_auto,t_100/07311042001782_C1N0_s01","altText":null,"galleryIndex":null,"width":null},"outOfStock":false,"online":true,"displayVolume":"","addToCartDisabled":false,"name":"Bladpersilja Lösvikt","code":"100265785_KG"},{"potentialPromotions":[],"inactivePotentialPromotions":[],"priceValue":19.9,"price":"19,90 kr","image":{"imageType":"PRIMARY","format":"product","url":"https://assets.axfood.se/image/upload/f_auto,t_200/07311042007159_C1N1_s01","altText":null,"galleryIndex":null,"width":null},"ranking":0.0,"depositPrice":"","averageWeight":null,"comparePrice":"132,67 kr","comparePriceUnit":"kg","isDrugProduct":false,"solrSearchScore":1.0,"energyDeclaration":null,"newsSplashProduct":false,"notAllowedB2b":false,"notAllowedAnonymous":false,"productLine2":"GARANT, 150g","pickupProductLine2":"GARANT, 150g","priceUnit":"kr/st","priceNoUnit":"19,90","savingsAmount":null,"googleAnalyticsCategory":"","gdprTrackingIncompliant":false,"nicotineMedicalProduct":false,"tobaccoFreeNicotineProduct":false,"nonEkoProduct":false,"precautionaryStatements":[],"hazards":[],"tobaccoProduct":false,"showGoodPriceIcon":false,"labels":["keyhole"],"seoDescription":"","seoTitle":"","manufacturer":"Garant","incrementValue":1.0,"productBasketType":{"code":"ST","type":"ProductBasketTypeEnum"},"bargainProduct":false,"addToCartMessage":"","thumbnail":{"imageType":"PRIMARY","format":"thumbnail","url":"https://assets.axfood.se/image/upload/f_auto,t_100/07311042007159_C1N1_s01","altText":null,"galleryIndex":null,"width":null},"outOfStock":false,"online":true,"displayVolume":"150g","addToCartDisabled":false,"name":"Frisé Mache Klass 1","code":"101281492_ST"},{"potentialPromotions":[],"inactivePotentialPromotions":[],"priceValue":29.9,"price":"29,90 kr","image":{"imageType":"PRIMARY","format":"product","url":"https://assets.axfood.se/image/upload/f_auto,t_200/07311042010623_C1N1_s01","altText":null,"galleryIndex":null,"width":null},"ranking":0.0,"depositPrice":"","averageWeight":null,"comparePrice":"33,22 kr","comparePriceUnit":"kg","isDrugProduct":false,"solrSearchScore":1.0,"energyDeclaration":null,"newsSplashProduct":false,"notAllowedB2b":false,"notAllowedAnonymous":false,"productLine2":"900g","pickupProductLine2":"900g","priceUnit":"kr/st","priceNoUnit":"29,90","savingsAmount":null,"googleAnalyticsCategory":"","gdprTrackingIncompliant":false,"nicotineMedicalProduct":false,"tobaccoFreeNicotineProduct":false,"nonEkoProduct":false,"precautionaryStatements":[],"hazards":[],"tobaccoProduct":false,"showGoodPriceIcon":false,"labels":["ecological","swedish_flag","from_sweden","eu_ecological"],"seoDescription":"","seoTitle":"","manufacturer":null,"incrementValue":1.0,"productBasketType":{"code":"ST","type":"ProductBasketTypeEnum"},"bargainProduct":false,"addToCartMessage":"","thumbnail":{"imageType":"PRIMARY","format":"thumbnail","url":"https://assets.axfood.se/image/upload/f_auto,t_100/07311042010623_C1N1_s01","altText":null,"galleryIndex":null,"width":null},"outOfStock":false,"online":true,"displayVolume":"900g","addToCartDisabled":false,"name":"Potatis Färsk","code":"101325855_ST"},{"potentialPromotions":[],"inactivePotentialPromotions":[],"priceValue":29.9,"price":"29,90 kr/kg","image":{"imageType":"PRIMARY","format":"product","url":"https://assets.axfood.se/image/upload/f_auto,t_200/07311042016953_C1C0_s01","altText":null,"galleryIndex":null,"width":null},"ranking":0.0,"depositPrice":"","averageWeight":0.19,"comparePrice":"29,90 kr","comparePriceUnit":"kg","isDrugProduct":false,"solrSearchScore":1.0,"energyDeclaration":null,"newsSplashProduct":false,"notAllowedB2b":false,"notAllowedAnonymous":false,"productLine2":"ca: 190g","pickupProductLine2":"ca: 190g","priceUnit":"kr/kg","priceNoUnit":"29,90","savingsAmount":null,"googleAnalyticsCategory":"","gdprTrackingIncompliant":false,"nicotineMedicalProduct":false,"tobaccoFreeNicotineProduct":false,"nonEkoProduct":false,"precautionaryStatements":[],"hazards":[],"tobaccoProduct":false,"showGoodPriceIcon":false,"labels":["keyhole"],"seoDescription":"","seoTitle":"","manufacturer":null,"incrementValue":1.0,"productBasketType":{"code":"ST","type":"ProductBasketTypeEnum"},"bargainProduct":false,"addToCartMessage":"","thumbnail":{"imageType":"PRIMARY","format":"thumbnail","url":"https://assets.axfood.se/image/upload/f_auto,t_100/07311042016953_C1C0_s01","altText":null,"galleryIndex":null,"width":null},"outOfStock":false,"online":true,"displayVolume":"ca: 190g","addToCartDisabled":false,"name":"Äpple Royal Gala Klass 1","code":"101273869_KG"},{"potentialPromotions":[],"inactivePotentialPromotions":[],"priceValue":29.9,"price":"29,90 kr","image":{"imageType":"PRIMARY","format":"product","url":"https://assets.axfood.se/image/upload/f_auto,t_200/07311042007180_C1C1_s01","altText":null,"galleryIndex":null,"width":null},"ranking":0.0,"depositPrice":"","averageWeight":null,"comparePrice":"170,86 kr","comparePriceUnit":"kg","isDrugProduct":false,"solrSearchScore":1.0,"energyDeclaration":null,"newsSplashProduct":false,"notAllowedB2b":false,"notAllowedAnonymous":false,"productLine2":"GARANT EKO, 175g","pickupProductLine2":"GARANT EKO, 175g","priceUnit":"kr/st","priceNoUnit":"29,90","savingsAmount":null,"googleAnalyticsCategory":"","gdprTrackingIncompliant":false,"nicotineMedicalProduct":false,"tobaccoFreeNicotineProduct":false,"nonEkoProduct":false,"precautionaryStatements":[],"hazards":[],"tobaccoProduct":false,"showGoodPriceIcon":false,"labels":["ecological","eu_ecological","keyhole"],"seoDescription":"","seoTitle":"","manufacturer":"Garant Eko","incrementValue":1.0,"productBasketType":{"code":"ST","type":"ProductBasketTypeEnum"},"bargainProduct":false,"addToCartMessage":"","thumbnail":{"imageType":"PRIMARY","format":"thumbnail","url":"https://assets.axfood.se/image/upload/f_auto,t_100/07311042007180_C1C1_s01","altText":null,"galleryIndex":null,"width":null},"outOfStock":false,"online":true,"displayVolume":"175g","addToCartDisabled":false,"name":"Småbladsmix Ruccola Röd/grön Klass 1","code":"101281472_ST"},{"potentialPromotions":[],"inactivePotentialPromotions":[],"priceValue":21.9,"price":"21,90 kr","image":{"imageType":"PRIMARY","format":"product","url":"https://assets.axfood.se/image/upload/f_auto,t_200/07311042003861_C1N1_s01","altText":null,"galleryIndex":null,"width":null},"ranking":0.0,"depositPrice":"","averageWeight":0.333,"comparePrice":"73,00 kr","comparePriceUnit":"kg","isDrugProduct":false,"solrSearchScore":1.0,"energyDeclaration":null,"newsSplashProduct":false,"notAllowedB2b":false,"notAllowedAnonymous":false,"productLine2":"ca300g","pickupProductLine2":"ca300g","priceUnit":"kr/st","priceNoUnit":"21,90","savingsAmount":null,"googleAnalyticsCategory":"","gdprTrackingIncompliant":false,"nicotineMedicalProduct":false,"tobaccoFreeNicotineProduct":false,"nonEkoProduct":false,"precautionaryStatements":[],"hazards":[],"tobaccoProduct":false,"showGoodPriceIcon":false,"labels":["ecological","eu_ecological","keyhole"],"seoDescription":"","seoTitle":"","manufacturer":null,"incrementValue":1.0,"productBasketType":{"code":"ST","type":"ProductBasketTypeEnum"},"bargainProduct":false,"addToCartMessage":"","thumbnail":{"imageType":"PRIMARY","format":"thumbnail","url":"https://assets.axfood.se/image/upload/f_auto,t_100/07311042003861_C1N1_s01","altText":null,"galleryIndex":null,"width":null},"outOfStock":false,"online":true,"displayVolume":"ca300g","addToCartDisabled":false,"name":"Gurka Eko Klass 1","code":"101254251_ST"},{"potentialPromotions":[],"inactivePotentialPromotions":[],"priceValue":9.9,"price":"9,90 kr","image":{"imageType":"PRIMARY","format":"product","url":"https://assets.axfood.se/image/upload/f_auto,t_200/07311042003915_C1C0_s01","altText":null,"galleryIndex":null,"width":null},"ranking":0.0,"depositPrice":"","averageWeight":null,"comparePrice":"198,00 kr","comparePriceUnit":"kg","isDrugProduct":false,"solrSearchScore":1.0,"energyDeclaration":null,"newsSplashProduct":false,"notAllowedB2b":false,"notAllowedAnonymous":false,"productLine2":"ca50g","pickupProductLine2":"ca50g","priceUnit":"kr/st","priceNoUnit":"9,90","savingsAmount":null,"googleAnalyticsCategory":"","gdprTrackingIncompliant":false,"nicotineMedicalProduct":false,"tobaccoFreeNicotineProduct":false,"nonEkoProduct":false,"precautionaryStatements":[],"hazards":[],"tobaccoProduct":false,"showGoodPriceIcon":false,"labels":["keyhole"],"seoDescription":"","seoTitle":"","manufacturer":null,"incrementValue":1.0,"productBasketType":{"code":"ST","type":"ProductBasketTypeEnum"},"bargainProduct":false,"addToCartMessage":"","thumbnail":{"imageType":"PRIMARY","format":"thumbnail","url":"https://assets.axfood.se/image/upload/f_auto,t_100/07311042003915_C1C0_s01","altText":null,"galleryIndex":null,"width":null},"outOfStock":false,"online":true,"displayVolume":"ca50g","addToCartDisabled":false,"name":"Passionsfrukt","code":"100257650_ST"},{"potentialPromotions":[],"inactivePotentialPromotions":[],"priceValue":36.9,"price":"36,90 kr","image":{"imageType":"PRIMARY","format":"product","url":"https://assets.axfood.se/image/upload/f_auto,t_200/07311042006404_C1L1_s02","altText":null,"galleryIndex":null,"width":null},"ranking":0.0,"depositPrice":"","averageWeight":null,"comparePrice":"18,45 kr","comparePriceUnit":"kg","isDrugProduct":false,"solrSearchScore":1.0,"energyDeclaration":null,"newsSplashProduct":false,"notAllowedB2b":false,"notAllowedAnonymous":false,"productLine2":"2kg","pickupProductLine2":"2kg","priceUnit":"kr/st","priceNoUnit":"36,90","savingsAmount":null,"googleAnalyticsCategory":"","gdprTrackingIncompliant":false,"nicotineMedicalProduct":false,"tobaccoFreeNicotineProduct":false,"nonEkoProduct":false,"precautionaryStatements":[],"hazards":[],"tobaccoProduct":false,"showGoodPriceIcon":false,"labels":["swedish_flag","from_sweden","keyhole"],"seoDescription":"","seoTitle":"","manufacturer":null,"incrementValue":1.0,"productBasketType":{"code":"ST","type":"ProductBasketTypeEnum"},"bargainProduct":false,"addToCartMessage":"","thumbnail":{"imageType":"PRIMARY","format":"thumbnail","url":"https://assets.axfood.se/image/upload/f_auto,t_100/07311042006404_C1L1_s02","altText":null,"galleryIndex":null,"width":null},"outOfStock":false,"online":true,"displayVolume":"2kg","addToCartDisabled":false,"name":"Potatis Mjölig Klass 1","code":"101058356_ST"},{"potentialPromotions":[],"inactivePotentialPromotions":[],"priceValue":31.9,"price":"31,90 kr/kg","image":{"imageType":"PRIMARY","format":"product","url":"https://assets.axfood.se/image/upload/f_auto,t_200/02359735200000_C1C0_s01","altText":null,"galleryIndex":null,"width":null},"ranking":0.0,"depositPrice":"","averageWeight":1.2,"comparePrice":"31,90 kr","comparePriceUnit":"kg","isDrugProduct":false,"solrSearchScore":1.0,"energyDeclaration":null,"newsSplashProduct":false,"notAllowedB2b":false,"notAllowedAnonymous":false,"productLine2":"ca: 1.2kg","pickupProductLine2":"ca: 1.2kg","priceUnit":"kr/kg","priceNoUnit":"31,90","savingsAmount":null,"googleAnalyticsCategory":"","gdprTrackingIncompliant":false,"nicotineMedicalProduct":false,"tobaccoFreeNicotineProduct":false,"nonEkoProduct":false,"precautionaryStatements":[],"hazards":[],"tobaccoProduct":false,"showGoodPriceIcon":false,"labels":["keyhole"],"seoDescription":"","seoTitle":"","manufacturer":null,"incrementValue":1.0,"productBasketType":{"code":"ST","type":"ProductBasketTypeEnum"},"bargainProduct":false,"addToCartMessage":"","thumbnail":{"imageType":"PRIMARY","format":"thumbnail","url":"https://assets.axfood.se/image/upload/f_auto,t_100/02359735200000_C1C0_s01","altText":null,"galleryIndex":null,"width":null},"outOfStock":false,"online":true,"displayVolume":"ca: 1.2kg","addToCartDisabled":false,"name":"Rotselleri Klass 1","code":"100150998_KG"},{"potentialPromotions":[],"inactivePotentialPromotions":[],"priceValue":13.9,"price":"13,90 kr","image":{"imageType":"PRIMARY","format":"product","url":"https://assets.axfood.se/image/upload/f_auto,t_200/07340083437380_C1N1_s01","altText":null,"galleryIndex":null,"width":null},"ranking":0.0,"depositPrice":"","averageWeight":null,"comparePrice":"27,80 kr","comparePriceUnit":"kg","isDrugProduct":false,"solrSearchScore":1.0,"energyDeclaration":null,"newsSplashProduct":false,"notAllowedB2b":false,"notAllowedAnonymous":false,"productLine2":"GARANT EKO, 500g","pickupProductLine2":"GARANT EKO, 500g","priceUnit":"kr/st","priceNoUnit":"13,90","savingsAmount":null,"googleAnalyticsCategory":"","gdprTrackingIncompliant":false,"nicotineMedicalProduct":false,"tobaccoFreeNicotineProduct":false,"nonEkoProduct":false,"precautionaryStatements":[],"hazards":[],"tobaccoProduct":false,"showGoodPriceIcon":false,"labels":["ecological","krav","swedish_flag","eu_ecological","keyhole"],"seoDescription":"","seoTitle":"","manufacturer":"Garant Eko","incrementValue":1.0,"productBasketType":{"code":"ST","type":"ProductBasketTypeEnum"},"bargainProduct":false,"addToCartMessage":"","thumbnail":{"imageType":"PRIMARY","format":"thumbnail","url":"https://assets.axfood.se/image/upload/f_auto,t_100/07340083437380_C1N1_s01","altText":null,"galleryIndex":null,"width":null},"outOfStock":false,"online":true,"displayVolume":"500g","addToCartDisabled":false,"name":"Morötter Eko Klass 1","code":"101229970_ST"},{"potentialPromotions":[],"inactivePotentialPromotions":[],"priceValue":13.9,"price":"13,90 kr","image":{"imageType":"PRIMARY","format":"product","url":"https://assets.axfood.se/image/upload/f_auto,t_200/07311042015888_C1N1_s03","altText":null,"galleryIndex":null,"width":null},"ranking":0.0,"depositPrice":"","averageWeight":null,"comparePrice":"","comparePriceUnit":"","isDrugProduct":false,"solrSearchScore":1.0,"energyDeclaration":null,"newsSplashProduct":false,"notAllowedB2b":false,"notAllowedAnonymous":false,"productLine2":"GARANT, 30g","pickupProductLine2":"GARANT, 30g","priceUnit":"kr/st","priceNoUnit":"13,90","savingsAmount":null,"googleAnalyticsCategory":"","gdprTrackingIncompliant":false,"nicotineMedicalProduct":false,"tobaccoFreeNicotineProduct":false,"nonEkoProduct":false,"precautionaryStatements":[],"hazards":[],"tobaccoProduct":false,"showGoodPriceIcon":false,"labels":[],"seoDescription":"","seoTitle":"","manufacturer":"Garant","incrementValue":1.0,"productBasketType":{"code":"ST","type":"ProductBasketTypeEnum"},"bargainProduct":false,"addToCartMessage":"","thumbnail":{"imageType":"PRIMARY","format":"thumbnail","url":"https://assets.axfood.se/image/upload/f_auto,t_100/07311042015888_C1N1_s03","altText":null,"galleryIndex":null,"width":null},"outOfStock":false,"online":true,"displayVolume":"30g","addToCartDisabled":false,"name":"Persilja Krus","code":"101599695_ST"},{"potentialPromotions":[],"inactivePotentialPromotions":[],"priceValue":25.9,"price":"25,90 kr","image":{"imageType":"PRIMARY","format":"product","url":"https://assets.axfood.se/image/upload/f_auto,t_200/07311042001553_C1N1_s02","altText":null,"galleryIndex":null,"width":null},"ranking":0.0,"depositPrice":"","averageWeight":null,"comparePrice":"12,95 kr","comparePriceUnit":"kg","isDrugProduct":false,"solrSearchScore":1.0,"energyDeclaration":null,"newsSplashProduct":false,"notAllowedB2b":false,"notAllowedAnonymous":false,"productLine2":"GARANT, 2kg","pickupProductLine2":"GARANT, 2kg","priceUnit":"kr/st","priceNoUnit":"25,90","savingsAmount":null,"googleAnalyticsCategory":"","gdprTrackingIncompliant":false,"nicotineMedicalProduct":false,"tobaccoFreeNicotineProduct":false,"nonEkoProduct":false,"precautionaryStatements":[],"hazards":[],"tobaccoProduct":false,"showGoodPriceIcon":false,"labels":["swedish_flag","keyhole"],"seoDescription":"","seoTitle":"","manufacturer":"Garant","incrementValue":1.0,"productBasketType":{"code":"ST","type":"ProductBasketTypeEnum"},"bargainProduct":false,"addToCartMessage":"","thumbnail":{"imageType":"PRIMARY","format":"thumbnail","url":"https://assets.axfood.se/image/upload/f_auto,t_100/07311042001553_C1N1_s02","altText":null,"galleryIndex":null,"width":null},"outOfStock":false,"online":true,"displayVolume":"2kg","addToCartDisabled":false,"name":"Morötter Klass 1","code":"100794491_ST"},{"potentialPromotions":[],"inactivePotentialPromotions":[],"priceValue":16.9,"price":"16,90 kr","image":{"imageType":"PRIMARY","format":"product","url":"https://assets.axfood.se/image/upload/f_auto,t_200/07311042007173_C1N1_s01","altText":null,"galleryIndex":null,"width":null},"ranking":0.0,"depositPrice":"","averageWeight":null,"comparePrice":"260,00 kr","comparePriceUnit":"kg","isDrugProduct":false,"solrSearchScore":1.0,"energyDeclaration":null,"newsSplashProduct":false,"notAllowedB2b":false,"notAllowedAnonymous":false,"productLine2":"GARANT EKO, 65g","pickupProductLine2":"GARANT EKO, 65g","priceUnit":"kr/st","priceNoUnit":"16,90","savingsAmount":null,"googleAnalyticsCategory":"","gdprTrackingIncompliant":false,"nicotineMedicalProduct":false,"tobaccoFreeNicotineProduct":false,"nonEkoProduct":false,"precautionaryStatements":[],"hazards":[],"tobaccoProduct":false,"showGoodPriceIcon":false,"labels":["ecological","eu_ecological","keyhole"],"seoDescription":"","seoTitle":"","manufacturer":"Garant Eko","incrementValue":1.0,"productBasketType":{"code":"ST","type":"ProductBasketTypeEnum"},"bargainProduct":false,"addToCartMessage":"","thumbnail":{"imageType":"PRIMARY","format":"thumbnail","url":"https://assets.axfood.se/image/upload/f_auto,t_100/07311042007173_C1N1_s01","altText":null,"galleryIndex":null,"width":null},"outOfStock":false,"online":true,"displayVolume":"65g","addToCartDisabled":false,"name":"Småbladsmix Ruccola Röd/grön Klass 1","code":"101281471_ST"}],"sorts":[{"code":"topRated","name":"Populärast","selected":true},{"code":"name-asc","name":"A – Ö","selected":false},{"code":"name-desc","name":"Ö – A","selected":false},{"code":"price-asc","name":"Pris (Billigast - Dyrast)","selected":false},{"code":"price-desc","name":"Pris (Dyrast - Billigast)","selected":false},{"code":"compareprice-asc","name":"Jämförpris (Billigast - Dyrast)","selected":false},{"code":"compareprice-desc","name":"Jämförpris (Dyrast - Billigast)","selected":false}],"pagination":{"pageSize":30,"currentPage":2,"sort":"topRated","numberOfPages":8,"totalNumberOfResults":236,"allProductsInCategoriesCount":236,"allProductsInSearchCount":0},"relatedResults":null,"relatedResultsPagination":null,"currentQuery":null,"breadcrumbs":[],"facets":[{"code":"commercialName2","name":"commercialName2","priority":-400,"category":false,"multiSelect":true,"visible":true,"topValues":null,"values":[{"code":"1 & 1","name":"1 & 1","count":1,"query":{"url":"frukt-och-gront?q=%3AtopRated%3AcommercialName2%3A1%2B%2526%2B1","query":{"value":":topRated:commercialName2:1+%26+1","filterQueries":[],"searchQueryContext":null,"searchType":null}},"selected":false},{"code":"Cajom","name":"Cajom","count":3,"query":{"url":"frukt-och-gront?q=%3AtopRated%3AcommercialName2%3ACajom","query":{"value":":topRated:commercialName2:Cajom","filterQueries":[],"searchQueryContext":null,"searchType":null}},"selected":false},{"code":"Garant","name":"Garant","count":38,"query":{"url":"frukt-och-gront?q=%3AtopRated%3AcommercialName2%3AGarant","query":{"value":":topRated:commercialName2:Garant","filterQueries":[],"searchQueryContext":null,"searchType":null}},"selected":false},{"code":"Garant Eko","name":"Garant Eko","count":22,"query":{"url":"frukt-och-gront?q=%3AtopRated%3AcommercialName2%3AGarant%2BEko","query":{"value":":topRated:commercialName2:Garant+Eko","filterQueries":[],"searchQueryContext":null,"searchType":null}},"selected":false}]},{"code":"productLabelTypes","name":"productLabelTypes","priority":-1000,"category":false,"multiSelect":false,"visible":true,"topValues":null,"values":[{"code":"ECOLOGICAL","name":"Ekologisk","count":40,"query":{"url":"frukt-och-gront?q=%3AtopRated%3AproductLabelTypes%3AECOLOGICAL","query":{"value":":topRated:productLabelTypes:ECOLOGICAL","filterQueries":[],"searchQueryContext":null,"searchType":null}},"selected":false},{"code":"FAIRTRADE_FACET","name":"Fairtrade","count":1,"query":{"url":"frukt-och-gront?q=%3AtopRated%3AproductLabelTypes%3AFAIRTRADE_FACET","query":{"value":":topRated:productLabelTypes:FAIRTRADE_FACET","filterQueries":[],"searchQueryContext":null,"searchType":null}},"selected":false},{"code":"ENVIRONMENTAL_FACET","name":"Miljömärkt","count":2,"query":{"url":"frukt-och-gront?q=%3AtopRated%3AproductLabelTypes%3AENVIRONMENTAL_FACET","query":{"value":":topRated:productLabelTypes:ENVIRONMENTAL_FACET","filterQueries":[],"searchQueryContext":null,"searchType":null}},"selected":false},{"code":"KEYHOLE","name":"Nyckelhålet","count":197,"query":{"url":"frukt-och-gront?q=%3AtopRated%3AproductLabelTypes%3AKEYHOLE","query":{"value":":topRated:productLabelTypes:KEYHOLE","filterQueries":[],"searchQueryContext":null,"searchType":null}},"selected":false},{"code":"SWEDISH_FLAG","name":"Svenskt","count":73,"query":{"url":"frukt-och-gront?q=%3AtopRated%3AproductLabelTypes%3ASWEDISH_FLAG","query":{"value":":topRated:productLabelTypes:SWEDISH_FLAG","filterQueries":[],"searchQueryContext":null,"searchType":null}},"selected":false}]}],"freeTextSearch":"","categoryCode":null,"keywordRedirectUrl":null,"spellingSuggestion":null,"categoryName":null,"customSuggestion":null,"categoryBreadcrumbs":{"url":"frukt-och-gront","name":"Frukt & Grönt","linkClass":null,"categoryCode":"N05"},"navigationCategories":null,"usedQuery":null,"subCategories":[{"code":"N0501","name":"Frukt","url":"frukt-och-gront/frukt","description":null,"image":null,"parentCategoryName":"Frukt & Grönt","sequence":0,"seoTitle":null,"seoDescription":null},{"code":"N0502","name":"Färska bär","url":"frukt-och-gront/farska-bar","description":null,"image":null,"parentCategoryName":"Frukt & Grönt","sequence":0,"seoTitle":null,"seoDescription":null},{"code":"N0503","name":"Grönsaker","url":"frukt-och-gront/gronsaker","description":null,"image":null,"parentCategoryName":"Frukt & Grönt","sequence":0,"seoTitle":null,"seoDescription":null},{"code":"N0504","name":"Potatis & rotsaker","url":"frukt-och-gront/potatis-och-rotsaker","description":null,"image":null,"parentCategoryName":"Frukt & Grönt","sequence":0,"seoTitle":null,"seoDescription":null},{"code":"N0505","name":"Svamp","url":"frukt-och-gront/svamp","description":null,"image":null,"parentCategoryName":"Frukt & Grönt","sequence":0,"seoTitle":null,"seoDescription":null},{"code":"N0506","name":"Kryddor & smaksättare","url":"frukt-och-gront/kryddor-och-smaksattare","description":null,"image":null,"parentCategoryName":"Frukt & Grönt","sequence":0,"seoTitle":null,"seoDescription":null}],"categoryInfo":{"code":"N05","name":"Frukt & Grönt","url":"frukt-och-gront","description":null,"image":null,"parentCategoryName":null,"sequence":0,"seoTitle":null,"seoDescription":null},"superCategories":[{"code":"N00","name":"Alla varor","url":"/alla-varor/c/","description":null,"image":null,"parentCategoryName":null,"sequence":0,"seoTitle":null,"seoDescription":null}],"restrictedProductTypes":""}
---
{"results":[{"potentialPromotions":[],"inactivePotentialPromotions":[],"priceValue":24.9,"price":"24,90 kr","image":{"imageType":"PRIMARY","format":"product","url":"https://assets.axfood.se/image/upload/f_auto,t_200/07311042010098_C1L1_s01","altText":null,"galleryIndex":null,"width":null},"ranking":0.0,"depositPrice":"","averageWeight":null,"comparePrice":"27,67 kr","comparePriceUnit":"kg","isDrugProduct":false,"solrSearchScore":1.0,"energyDeclaration":null,"newsSplashProduct":false,"notAllowedB2b":false,"notAllowedAnonymous":false,"productLine2":"GARANT, 900g","pickupProductLine2":"GARANT, 900g","priceUnit":"kr/st","priceNoUnit":"24,90","savingsAmount":null,"googleAnalyticsCategory":"","gdprTrackingIncompliant":false,"nicotineMedicalProduct":false,"tobaccoFreeNicotineProduct":false,"nonEkoProduct":false,"precautionaryStatements":[],"hazards":[],"tobaccoProduct":false,"showGoodPriceIcon":false,"labels":["swedish_flag","from_sweden","keyhole"],"seoDescription":"","seoTitle":"","manufacturer":"Garant","incrementValue":1.0,"productBasketType":{"code":"ST","type":"ProductBasketTypeEnum"},"bargainProduct":false,"addToCartMessage":"","thumbnail":{"imageType":"PRIMARY","format":"thumbnail","url":"https://assets.axfood.se/image/upload/f_auto,t_100/07311042010098_C1L1_s01","altText":null,"galleryIndex":null,"width":null},"outOfStock":false,"online":true,"displayVolume":"900g","addToCartDisabled":false,"name":"Potatis Mandel Klass 1","code":"101301932_ST"},{"potentialPromotions":[],"inactivePotentialPromotions":[],"priceValue":16.9,"price":"16,90 kr/kg","image":{"imageType":"PRIMARY","format":"product","url":"https://assets.axfood.se/image/upload/f_auto,t_200/07311042001928_C1N0_s01","altText":null,"galleryIndex":null,"width":null},"ranking":0.0,"depositPrice":"","averageWeight":0.15,"comparePrice":"16,90 kr","comparePriceUnit":"kg","isDrugProduct":false,"solrSearchScore":1.0,"energyDeclaration":null,"newsSplashProduct":false,"notAllowedB2b":false,"notAllowedAnonymous":false,"productLine2":"ca: 150g","pickupProductLine2":"ca: 150g","priceUnit":"kr/kg","priceNoUnit":"16,90","savingsAmount":null,"googleAnalyticsCategory":"","gdprTrackingIncompliant":false,"nicotineMedicalProduct":false,"tobaccoFreeNicotineProduct":false,"nonEkoProduct":false,"precautionaryStatements":[],"hazards":[],"tobaccoProduct":false,"showGoodPriceIcon":false,"labels":["swedish_flag","keyhole"],"seoDescription":"","seoTitle":"","manufacturer":null,"incrementValue":1.0,"productBasketType":{"code":"ST","type":"ProductBasketTypeEnum"},"bargainProduct":false,"addToCartMessage":"","thumbnail":{"imageType":"PRIMARY","format":"thumbnail","url":"https://assets.axfood.se/image/upload/f_auto,t_100/07311042001928_C1N0_s01","altText":null,"galleryIndex":null,"width":null},"outOfStock":false,"online":true,"displayVolume":"ca: 150g","addToCartDisabled":false,"name":"Rödbeta Klass 1","code":"100151210_KG"},{"potentialPromotions":[],"inactivePotentialPromotions":[],"priceValue":27.9,"price":"27,90 kr","image":{"imageType":"PRIMARY","format":"product","url":"https://assets.axfood.se/image/upload/f_auto,t_200/07311042010500_C1N1_s01","altText":null,"galleryIndex":null,"width":null},"ranking":0.0,"depositPrice":"","averageWeight":null,"comparePrice":"111,60 kr","comparePriceUnit":"kg","isDrugProduct":false,"solrSearchScore":1.0,"energyDeclaration":null,"newsSplashProduct":false,"notAllowedB2b":false,"notAllowedAnonymous":false,"productLine2":"GARANT, 250g","pickupProductLine2":"GARANT, 250g","priceUnit":"kr/st","priceNoUnit":"27,90","savingsAmount":null,"googleAnalyticsCategory":"","gdprTrackingIncompliant":false,"nicotineMedicalProduct":false,"tobaccoFreeNicotineProduct":false,"nonEkoProduct":false,"precautionaryStatements":[],"hazards":[],"tobaccoProduct":false,"showGoodPriceIcon":false,"labels":["swedish_flag","keyhole"],"seoDescription":"","seoTitle":"","manufacturer":"Garant","incrementValue":1.0,"productBasketType":{"code":"ST","type":"ProductBasketTypeEnum"},"bargainProduct":false,"addToCartMessage":"","thumbnail":{"imageType":"PRIMARY","format":"thumbnail","url":"https://assets.axfood.se/image/upload/f_auto,t_100/07311042010500_C1N1_s01","altText":null,"galleryIndex":null,"width":null},"outOfStock":false,"online":true,"displayVolume":"250g","addToCartDisabled":false,"name":"Frisé & Maché Klass 1","code":"101316313_ST"},{"potentialPromotions":[],"inactivePotentialPromotions":[],"priceValue":22.9,"price":"22,90 kr","image":{"imageType":"PRIMARY","format":"product","url":"https://assets.axfood.se/image/upload/f_auto,t_200/07311042002420_C1N1_s01","altText":null,"galleryIndex":null,"width":null},"ranking":0.0,"depositPrice":"","averageWeight":null,"comparePrice":"114,50 kr","comparePriceUnit":"kg","isDrugProduct":false,"solrSearchScore":1.0,"energyDeclaration":null,"newsSplashProduct":false,"notAllowedB2b":false,"notAllowedAnonymous":false,"productLine2":"200g","pickupProductLine2":"200g","priceUnit":"kr/st","priceNoUnit":"22,90","savingsAmount":null,"googleAnalyticsCategory":"","gdprTrackingIncompliant":false,"nicotineMedicalProduct":false,"tobaccoFreeNicotineProduct":false,"nonEkoProduct":false,"precautionaryStatements":[],"hazards":[],"tobaccoProduct":false,"showGoodPriceIcon":false,"labels":["swedish_flag","keyhole"],"seoDescription":"","seoTitle":"","manufacturer":null,"incrementValue":1.0,"productBasketType":{"code":"ST","type":"ProductBasketTypeEnum"},"bargainProduct":false,"addToCartMessage":"","thumbnail":{"imageType":"PRIMARY","format":"thumbnail","url":"https://assets.axfood.se/image/upload/f_auto,t_100/07311042002420_C1N1_s01","altText":null,"galleryIndex":null,"width":null},"outOfStock":false,"online":true,"displayVolume":"200g","addToCartDisabled":false,"name":"Pak Choi Klass 1","code":"101238614_ST"},{"potentialPromotions":[],"inactivePotentialPromotions":[],"priceValue":18.9,"price":"18,90 kr","image":{"imageType":"PRIMARY","format":"product","url":"https://assets.axfood.se/image/upload/f_auto,t_200/07311042010470_C1N1_s01","altText":null,"galleryIndex":null,"width":null},"ranking":0.0,"depositPrice":"","averageWeight":null,"comparePrice":"151,20 kr","comparePriceUnit":"kg","isDrugProduct":false,"solrSearchScore":1.0,"energyDeclaration":null,"newsSplashProduct":false,"notAllowedB2b":false,"notAllowedAnonymous":false,"productLine2":"GARANT, 125g","pickupProductLine2":"GARANT, 125g","priceUnit":"kr/st","priceNoUnit":"18,90","savingsAmount":null,"googleAnalyticsCategory":"","gdprTrackingIncompliant":false,"nicotineMedicalProduct":false,"tobaccoFreeNicotineProduct":false,"nonEkoProduct":false,"precautionaryStatements":[],"hazards":[],"tobaccoProduct":false,"showGoodPriceIcon":false,"labels":["keyhole"],"seoDescription":"","seoTitle":"","manufacturer":"Garant","incrementValue":1.0,"productBasketType":{"code":"ST","type":"ProductBasketTypeEnum"},"bargainProduct":false,"addToCartMessage":"","thumbnail":{"imageType":"PRIMARY","format":"thumbnail","url":"https://assets.axfood.se/image/upload/f_auto,t_100/07311042010470_C1N1_s01","altText":null,"galleryIndex":null,"width":null},"outOfStock":false,"online":true,"displayVolume":"125g","addToCartDisabled":false,"name":"Ruccola Klass 1","code":"101316310_ST"},{"potentialPromotions":[],"inactivePotentialPromotions":[],"priceValue":47.9,"price":"47,90 kr/kg","image":{"imageType":"PRIMARY","format":"product","url":"https://assets.axfood.se/image/upload/f_auto,t_200/07311042001171_C1C0_s01","altText":null,"galleryIndex":null,"width":null},"ranking":0.0,"depositPrice":"","averageWeight":0.3,"comparePrice":"47,90 kr","comparePriceUnit":"kg","isDrugProduct":false,"solrSearchScore":1.0,"energyDeclaration":null,"newsSplashProduct":false,"notAllowedB2b":false,"notAllowedAnonymous":false,"productLine2":"ca: 300g","pickupProductLine2":"ca: 300g","priceUnit":"kr/kg","priceNoUnit":"47,90","savingsAmount":null,"googleAnalyticsCategory":"","gdprTrackingIncompliant":false,"nicotineMedicalProduct":false,"tobaccoFreeNicotineProduct":false,"nonEkoProduct":false,"precautionaryStatements":[],"hazards":[],"tobaccoProduct":false,"showGoodPriceIcon":false,"labels":["keyhole"],"seoDescription":"","seoTitle":"","manufacturer":null,"incrementValue":1.0,"productBasketType":{"code":"ST","type":"ProductBasketTypeEnum"},"bargainProduct":false,"addToCartMessage":"","thumbnail":{"imageType":"PRIMARY","format":"thumbnail","url":"https://assets.axfood.se/image/upload/f_auto,t_100/07311042001171_C1C0_s01","altText":null,"galleryIndex":null,"width":null},"outOfStock":false,"online":true,"displayVolume":"ca: 300g","addToCartDisabled":false,"name":"Kålrabbi Grön Klass 1","code":"100147770_KG"},{"potentialPromotions":[],"inactivePotentialPromotions":[],"priceValue":39.9,"price":"39,90 kr","image":{"imageType":"PRIMARY","format":"product","url":"https://assets.axfood.se/image/upload/f_auto,t_200/07311042000570_C1L1_s01","altText":null,"galleryIndex":null,"width":null},"ranking":0.0,"depositPrice":"","averageWeight":null,"comparePrice":"72,55 kr","comparePriceUnit":"kg","isDrugProduct":false,"solrSearchScore":1.0,"energyDeclaration":null,"newsSplashProduct":false,"notAllowedB2b":false,"notAllowedAnonymous":false,"productLine2":"1 & 1, ca 550","pickupProductLine2":"1 & 1, ca 550","priceUnit":"kr/st","priceNoUnit":"39,90","savingsAmount":null,"googleAnalyticsCategory":"","gdprTrackingIncompliant":false,"nicotineMedicalProduct":false,"tobaccoFreeNicotineProduct":false,"nonEkoProduct":false,"precautionaryStatements":[],"hazards":[],"tobaccoProduct":false,"showGoodPriceIcon":false,"labels":[],"seoDescription":"","seoTitle":"","manufacturer":"1 & 1","incrementValue":1.0,"productBasketType":{"code":"ST","type":"ProductBasketTypeEnum"},"bargainProduct":false,"addToCartMessage":"","thumbnail":{"imageType":"PRIMARY","format":"thumbnail","url":"https://assets.axfood.se/image/upload/f_auto,t_100/07311042000570_C1L1_s01","altText":null,"galleryIndex":null,"width":null},"outOfStock":false,"online":true,"displayVolume":"ca 550","addToCartDisabled":false,"name":"Färska Dadlar","code":"100330642_ST"},{"potentialPromotions":[],"inactivePotentialPromotions":[],"priceValue":49.9,"price":"49,90 kr/kg","image":{"imageType":"PRIMARY","format":"product","url":"https://assets.axfood.se/image/upload/f_auto,t_200/07311042006244_C1C0_s01","altText":null,"galleryIndex":null,"width":null},"ranking":0.0,"depositPrice":"","averageWeight":0.03,"comparePrice":"49,90 kr","comparePriceUnit":"kg","isDrugProduct":false,"solrSearchScore":1.0,"energyDeclaration":null,"newsSplashProduct":false,"notAllowedB2b":false,"notAllowedAnonymous":false,"productLine2":"ca: 30g","pickupProductLine2":"ca: 30g","priceUnit":"kr/kg","priceNoUnit":"49,90","savingsAmount":null,"googleAnalyticsCategory":"","gdprTrackingIncompliant":false,"nicotineMedicalProduct":false,"tobaccoFreeNicotineProduct":false,"nonEkoProduct":false,"precautionaryStatements":[],"hazards":[],"tobaccoProduct":false,"showGoodPriceIcon":false,"labels":["swedish_flag","keyhole"],"seoDescription":"","seoTitle":"","manufacturer":null,"incrementValue":1.0,"productBasketType":{"code":"ST","type":"ProductBasketTypeEnum"},"bargainProduct":false,"addToCartMessage":"","thumbnail":{"imageType":"PRIMARY","format":"thumbnail","url":"https://assets.axfood.se/image/upload/f_auto,t_100/07311042006244_C1C0_s01","altText":null,"galleryIndex":null,"width":null},"outOfStock":false,"online":true,"displayVolume":"ca: 30g","addToCartDisabled":false,"name":"Lök Schalotten Klass 1","code":"100148083_KG"},{"potentialPromotions":[],"inactivePotentialPromotions":[],"priceValue":24.9,"price":"24,90 kr","image":{"imageType":"PRIMARY","format":"product","url":"https://assets.axfood.se/image/upload/f_auto,t_200/07311042001423_C1L1_s01","altText":null,"galleryIndex":null,"width":null},"ranking":0.0,"depositPrice":"","averageWeight":null,"comparePrice":"83,00 kr","comparePriceUnit":"kg","isDrugProduct":false,"solrSearchScore":1.0,"energyDeclaration":null,"newsSplashProduct":false,"notAllowedB2b":false,"notAllowedAnonymous":false,"productLine2":"300g","pickupProductLine2":"300g","priceUnit":"kr/st","priceNoUnit":"24,90","savingsAmount":null,"googleAnalyticsCategory":"","gdprTrackingIncompliant":false,"nicotineMedicalProduct":false,"tobaccoFreeNicotineProduct":false,"nonEkoProduct":false,"precautionaryStatements":[],"hazards":[],"tobaccoProduct":false,"showGoodPriceIcon":false,"labels":["keyhole"],"seoDescription":"","seoTitle":"","manufacturer":null,"incrementValue":1.0,"productBasketType":{"code":"ST","type":"ProductBasketTypeEnum"},"bargainProduct":false,"addToCartMessage":"","thumbnail":{"imageType":"PRIMARY","format":"thumbnail","url":"https://assets.axfood.se/image/upload/f_auto,t_100/07311042001423_C1L1_s01","altText":null,"galleryIndex":null,"width":null},"outOfStock":false,"online":true,"displayVolume":"300g","addToCartDisabled":false,"name":"Silverlök Klass 1","code":"100761640_ST"},{"potentialPromotions":[],"inactivePotentialPromotions":[],"priceValue":139.0,"price":"139,00 kr/kg","image":{"imageType":"PRIMARY","format":"product","url":"https://assets.axfood.se/image/upload/f_auto,t_200/07311042001744_C1N1_s01","altText":null,"galleryIndex":null,"width":null},"ranking":0.0,"depositPrice":"","averageWeight":0.14,"comparePrice":"139,00 kr","comparePriceUnit":"kg","isDrugProduct":false,"solrSearchScore":1.0,"energyDeclaration":null,"newsSplashProduct":false,"notAllowedB2b":false,"notAllowedAnonymous":false,"productLine2":"ca: 140g","pickupProductLine2":"ca: 140g","priceUnit":"kr/kg","priceNoUnit":"139,00","savingsAmount":null,"googleAnalyticsCategory":"","gdprTrackingIncompliant":false,"nicotineMedicalProduct":false,"tobaccoFreeNicotineProduct":false,"nonEkoProduct":false,"precautionaryStatements":[],"hazards":[],"tobaccoProduct":false,"showGoodPriceIcon":false,"labels":["keyhole"],"seoDescription":"","seoTitle":"","manufacturer":null,"incrementValue":1.0,"productBasketType":{"code":"ST","type":"ProductBasketTypeEnum"},"bargainProduct":false,"addToCartMessage":"","thumbnail":{"imageType":"PRIMARY","format":"thumbnail","url":"https://assets.axfood.se/image/upload/f_auto,t_100/07311042001744_C1N1_s01","altText":null,"galleryIndex":null,"width":null},"outOfStock":false,"online":true,"displayVolume":"ca: 140g","addToCartDisabled":false,"name":"Pepparrot Klass 1","code":"100150499_KG"},{"potentialPromotions":[],"inactivePotentialPromotions":[],"priceValue":34.9,"price":"34,90 kr/kg","image":{"imageType":"PRIMARY","format":"product","url":"https://assets.axfood.se/image/upload/f_auto,t_200/02359735000006_C1C0_s01","altText":null,"galleryIndex":null,"width":null},"ranking":0.0,"depositPrice":"","averageWeight":0.738,"comparePrice":"34,90 kr","comparePriceUnit":"kg","isDrugProduct":false,"solrSearchScore":1.0,"energyDeclaration":null,"newsSplashProduct":false,"notAllowedB2b":false,"notAllowedAnonymous":false,"productLine2":"ca: 738g","pickupProductLine2":"ca: 738g","priceUnit":"kr/kg","priceNoUnit":"34,90","savingsAmount":null,"googleAnalyticsCategory":"","gdprTrackingIncompliant":false,"nicotineMedicalProduct":false,"tobaccoFreeNicotineProduct":false,"nonEkoProduct":false,"precautionaryStatements":[],"hazards":[],"tobaccoProduct":false,"showGoodPriceIcon":false,"labels":["swedish_flag","keyhole"],"seoDescription":"","seoTitle":"","manufacturer":null,"incrementValue":1.0,"productBasketType":{"code":"ST","type":"ProductBasketTypeEnum"},"bargainProduct":false,"addToCartMessage":"","thumbnail":{"imageType":"PRIMARY","format":"thumbnail","url":"https://assets.axfood.se/image/upload/f_auto,t_100/02359735000006_C1C0_s01","altText":null,"galleryIndex":null,"width":null},"outOfStock":false,"online":true,"displayVolume":"ca: 738g","addToCartDisabled":false,"name":"Kålrot Klass 1","code":"100147823_KG"},{"potentialPromotions":[],"inactivePotentialPromotions":[],"priceValue":13.9,"price":"13,90 kr","image":{"imageType":"PRIMARY","format":"product","url":"https://assets.axfood.se/image/upload/f_auto,t_200/07311042016007_C1N1_s02","altText":null,"galleryIndex":null,"width":null},"ranking":0.0,"depositPrice":"","averageWeight":null,"comparePrice":"","comparePriceUnit":"","isDrugProduct":false,"solrSearchScore":1.0,"energyDeclaration":null,"newsSplashProduct":false,"notAllowedB2b":false,"notAllowedAnonymous":false,"productLine2":"GARANT, 25g","pickupProductLine2":"GARANT, 25g","priceUnit":"kr/st","priceNoUnit":"13,90","savingsAmount":null,"googleAnalyticsCategory":"","gdprTrackingIncompliant":false,"nicotineMedicalProduct":false,"tobaccoFreeNicotineProduct":false,"nonEkoProduct":false,"precautionaryStatements":[],"hazards":[],"tobaccoProduct":false,"showGoodPriceIcon":false,"labels":[],"seoDescription":"","seoTitle":"","manufacturer":"Garant","incrementValue":1.0,"productBasketType":{"code":"ST","type":"ProductBasketTypeEnum"},"bargainProduct":false,"addToCartMessage":"","thumbnail":{"imageType":"PRIMARY","format":"thumbnail","url":"https://assets.axfood.se/image/upload/f_auto,t_100/07311042016007_C1N1_s02","altText":null,"galleryIndex":null,"width":null},"outOfStock":false,"online":true,"displayVolume":"25g","addToCartDisabled":false,"name":"Mynta Klass 1","code":"101599969_ST"},{"potentialPromotions":[],"inactivePotentialPromotions":[],"priceValue":21.9,"price":"21,90 kr","image":{"imageType":"PRIMARY","format":"product","url":"https://assets.axfood.se/image/upload/f_auto,t_200/07311042002536_C1N1_s02","altText":null,"galleryIndex":null,"width":null},"ranking":0.0,"depositPrice":"","averageWeight":null,"comparePrice":"24,33 kr","comparePriceUnit":"kg","isDrugProduct":false,"solrSearchScore":1.0,"energyDeclaration":null,"newsSplashProduct":false,"notAllowedB2b":false,"notAllowedAnonymous":false,"productLine2":"900g","pickupProductLine2":"900g","priceUnit":"kr/st","priceNoUnit":"21,90","savingsAmount":null,"googleAnalyticsCategory":"","gdprTrackingIncompliant":false,"nicotineMedicalProduct":false,"tobaccoFreeNicotineProduct":false,"nonEkoProduct":false,"precautionaryStatements":[],"hazards":[],"tobaccoProduct":false,"showGoodPriceIcon":false,"labels":["swedish_flag","keyhole"],"seoDescription":"","seoTitle":"","manufacturer":null,"incrementValue":1.0,"productBasketType":{"code":"ST","type":"ProductBasketTypeEnum"},"bargainProduct":false,"addToCartMessage":"","thumbnail":{"imageType":"PRIMARY","format":"thumbnail","url":"https://assets.axfood.se/image/upload/f_auto,t_100/07311042002536_C1N1_s02","altText":null,"galleryIndex":null,"width":null},"outOfStock":false,"online":true,"displayVolume":"900g","addToCartDisabled":false,"name":"Potatis Färsk Tvättad Klass 1","code":"101133694_ST"},{"potentialPromotions":[],"inactivePotentialPromotions":[],"priceValue":16.9,"price":"16,90 kr","image":{"imageType":"PRIMARY","format":"product","url":"https://assets.axfood.se/image/upload/f_auto,t_200/07311042007265_C1N1_s03","altText":null,"galleryIndex":null,"width":null},"ranking":0.0,"depositPrice":"","averageWeight":null,"comparePrice":"260,00 kr","comparePriceUnit":"kg","isDrugProduct":false,"solrSearchScore":1.0,"energyDeclaration":null,"newsSplashProduct":false,"notAllowedB2b":false,"notAllowedAnonymous":false,"productLine2":"GARANT, 65g","pickupProductLine2":"GARANT, 65g","priceUnit":"kr/st","priceNoUnit":"16,90","savingsAmount":null,"googleAnalyticsCategory":"","gdprTrackingIncompliant":false,"nicotineMedicalProduct":false,"tobaccoFreeNicotineProduct":false,"nonEkoProduct":false,"precautionaryStatements":[],"hazards":[],"tobaccoProduct":false,"showGoodPriceIcon":false,"labels":["swedish_flag","keyhole"],"seoDescription":"","seoTitle":"","manufacturer":"Garant","incrementValue":1.0,"productBasketType":{"code":"ST","type":"ProductBasketTypeEnum"},"bargainProduct":false,"addToCartMessage":"","thumbnail":{"imageType":"PRIMARY","format":"thumbnail","url":"https://assets.axfood.se/image/upload/f_auto,t_100/07311042007265_C1N1_s03","altText":null,"galleryIndex":null,"width":null},"outOfStock":false,"online":true,"displayVolume":"65g","addToCartDisabled":false,"name":"Babyspenat Klass 1","code":"101281446_ST"},{"potentialPromotions":[],"inactivePotentialPromotions":[],"priceValue":17.9,"price":"17,90 kr","image":{"imageType":"PRIMARY","format":"product","url":"https://assets.axfood.se/image/upload/f_auto,t_200/07350100710006_C1N1_s01","altText":null,"galleryIndex":null,"width":null},"ranking":0.0,"depositPrice":"","averageWeight":null,"comparePrice":"238,67 kr","comparePriceUnit":"kg","isDrugProduct":false,"solrSearchScore":1.0,"energyDeclaration":null,"newsSplashProduct":false,"notAllowedB2b":false,"notAllowedAnonymous":false,"productLine2":"75g","pickupProductLine2":"75g","priceUnit":"kr/st","priceNoUnit":"17,90","savingsAmount":null,"googleAnalyticsCategory":"","gdprTrackingIncompliant":false,"nicotineMedicalProduct":false,"tobaccoFreeNicotineProduct":false,"nonEkoProduct":false,"precautionaryStatements":[],"hazards":[],"tobaccoProduct":false,"showGoodPriceIcon":false,"labels":["swedish_flag","from_sweden"],"seoDescription":"","seoTitle":"","manufacturer":null,"incrementValue":1.0,"productBasketType":{"code":"ST","type":"ProductBasketTypeEnum"},"bargainProduct":false,"addToCartMessage":"","thumbnail":{"imageType":"PRIMARY","format":"thumbnail","url":"https://assets.axfood.se/image/upload/f_auto,t_100/07350100710006_C1N1_s01","altText":null,"galleryIndex":null,"width":null},"outOfStock":false,"online":true,"displayVolume":"75g","addToCartDisabled":false,"name":"Krispsallad","code":"101770674_ST"},{"potentialPromotions":[],"inactivePotentialPromotions":[],"priceValue":18.9,"price":"18,90 kr","image":{"imageType":"PRIMARY","format":"product","url":"https://assets.axfood.se/image/upload/f_auto,t_200/07311042000976_C1N1_s01","altText":null,"galleryIndex":null,"width":null},"ranking":0.0,"depositPrice":"","averageWeight":null,"comparePrice":"105,00 kr","comparePriceUnit":"kg","isDrugProduct":false,"solrSearchScore":1.0,"energyDeclaration":null,"newsSplashProduct":false,"notAllowedB2b":false,"notAllowedAnonymous":false,"productLine2":"180g","pickupProductLine2":"180g","priceUnit":"kr/st","priceNoUnit":"18,90","savingsAmount":null,"googleAnalyticsCategory":"","gdprTrackingIncompliant":false,"nicotineMedicalProduct":false,"tobaccoFreeNicotineProduct":false,"nonEkoProduct":false,"precautionaryStatements":[],"hazards":[],"tobaccoProduct":false,"showGoodPriceIcon":false,"labels":["ecological","krav","swedish_flag","eu_ecological","keyhole"],"seoDescription":"","seoTitle":"","manufacturer":null,"incrementValue":1.0,"productBasketType":{"code":"ST","type":"ProductBasketTypeEnum"},"bargainProduct":false,"addToCartMessage":"","thumbnail":{"imageType":"PRIMARY","format":"thumbnail","url":"https://assets.axfood.se/image/upload/f_auto,t_100/07311042000976_C1N1_s01","altText":null,"galleryIndex":null,"width":null},"outOfStock":false,"online":true,"displayVolume":"180g","addToCartDisabled":false,"name":"Böngroddar Ekologisk","code":"101104751_ST"},{"potentialPromotions":[],"inactivePotentialPromotions":[],"priceValue":19.9,"price":"19,90 kr","image":{"imageType":"PRIMARY","format":"product","url":"https://assets.axfood.se/image/upload/f_auto,t_200/07311042010494_C1N1_s01","altText":null,"galleryIndex":null,"width":null},"ranking":0.0,"depositPrice":"","averageWeight":null,"comparePrice":"99,50 kr","comparePriceUnit":"kg","isDrugProduct":false,"solrSearchScore":1.0,"energyDeclaration":null,"newsSplashProduct":false,"notAllowedB2b":false,"notAllowedAnonymous":false,"productLine2":"GARANT, 200g","pickupProductLine2":"GARANT, 200g","priceUnit":"kr/st","priceNoUnit":"19,90","savingsAmount":null,"googleAnalyticsCategory":"","gdprTrackingIncompliant":false,"nicotineMedicalProduct":false,"tobaccoFreeNicotineProduct":false,"nonEkoProduct":false,"precautionaryStatements":[],"hazards":[],"tobaccoProduct":false,"showGoodPriceIcon":false,"labels":["keyhole"],"seoDescription":"","seoTitle":"","manufacturer":"Garant","incrementValue":1.0,"productBasketType":{"code":"ST","type":"ProductBasketTypeEnum"},"bargainProduct":false,"addToCartMessage":"","thumbnail":{"imageType":"PRIMARY","format":"thumbnail","url":"https://assets.axfood.se/image/upload/f_auto,t_100/07311042010494_C1N1_s01","altText":null,"galleryIndex":null,"width":null},"outOfStock":false,"online":true,"displayVolume":"200g","addToCartDisabled":false,"name":"Blandsallad Klass 1","code":"101316312_ST"},{"potentialPromotions":[],"inactivePotentialPromotions":[],"priceValue":13.9,"price":"13,90 kr","image":{"imageType":"PRIMARY","format":"product","url":"https://assets.axfood.se/image/upload/f_auto,t_200/07311042015918_C1N1_s03","altText":null,"galleryIndex":null,"width":null},"ranking":0.0,"depositPrice":"","averageWeight":null,"comparePrice":"","comparePriceUnit":"","isDrugProduct":false,"solrSearchScore":1.0,"energyDeclaration":null,"newsSplashProduct":false,"notAllowedB2b":false,"notAllowedAnonymous":false,"productLine2":"GARANT, 15g","pickupProductLine2":"GARANT, 15g","priceUnit":"kr/st","priceNoUnit":"13,90","savingsAmount":null,"googleAnalyticsCategory":"","gdprTrackingIncompliant":false,"nicotineMedicalProduct":false,"tobaccoFreeNicotineProduct":false,"nonEkoProduct":false,"precautionaryStatements":[],"hazards":[],"tobaccoProduct":false,"showGoodPriceIcon":false,"labels":[],"seoDescription":"","seoTitle":"","manufacturer":"Garant","incrementValue":1.0,"productBasketType":{"code":"ST","type":"ProductBasketTypeEnum"},"bargainProduct":false,"addToCartMessage":"","thumbnail":{"imageType":"PRIMARY","format":"thumbnail","url":"https://assets.axfood.se/image/upload/f_auto,t_100/07311042015918_C1N1_s03","altText":null,"galleryIndex":null,"width":null},"outOfStock":false,"online":true,"displayVolume":"15g","addToCartDisabled":false,"name":"Timjan","code":"101599759_ST"},{"potentialPromotions":[],"inactivePotentialPromotions":[],"priceValue":14.9,"price":"14,90 kr","image":{"imageType":"PRIMARY","format":"product","url":"https://assets.axfood.se/image/upload/f_auto,t_200/07311042001348_C1N1_s02","altText":null,"galleryIndex":null,"width":null},"ranking":0.0,"depositPrice":"","averageWeight":null,"comparePrice":"149,00 kr","comparePriceUnit":"kg","isDrugProduct":false,"solrSearchScore":1.0,"energyDeclaration":null,"newsSplashProduct":false,"notAllowedB2b":false,"notAllowedAnonymous":false,"productLine2":"GARANT EKO, 100g","pickupProductLine2":"GARANT EKO, 100g","priceUnit":"kr/st","priceNoUnit":"14,90","savingsAmount":null,"googleAnalyticsCategory":"","gdprTrackingIncompliant":false,"nicotineMedicalProduct":false,"tobaccoFreeNicotineProduct":false,"nonEkoProduct":false,"precautionaryStatements":[],"hazards":[],"tobaccoProduct":false,"showGoodPriceIcon":false,"labels":["ecological","eu_ecological","keyhole"],"seoDescription":"","seoTitle":"","manufacturer":"Garant Eko","incrementValue":1.0,"productBasketType":{"code":"ST","type":"ProductBasketTypeEnum"},"bargainProduct":false,"addToCartMessage":"","thumbnail":{"imageType":"PRIMARY","format":"thumbnail","url":"https://assets.axfood.se/image/upload/f_auto,t_100/07311042001348_C1N1_s02","altText":null,"galleryIndex":null,"width":null},"outOfStock":false,"online":true,"displayVolume":"100g","addToCartDisabled":false,"name":"Vitlök Ekologisk Klass 1","code":"100771372_ST"},{"potentialPromotions":[],"inactivePotentialPromotions":[],"priceValue":54.9,"price":"54,90 kr/kg","image":{"imageType":"PRIMARY","format":"product","url":"https://assets.axfood.se/image/upload/f_auto,t_200/07311042013631_C1N1_s01","altText":null,"galleryIndex":null,"width":null},"ranking":0.0,"depositPrice":"","averageWeight":0.07,"comparePrice":"54,90 kr","comparePriceUnit":"kg","isDrugProduct":false,"solrSearchScore":1.0,"energyDeclaration":null,"newsSplashProduct":false,"notAllowedB2b":false,"notAllowedAnonymous":false,"productLine2":"ca: 70g","pickupProductLine2":"ca: 70g","priceUnit":"kr/kg","priceNoUnit":"54,90","savingsAmount":null,"googleAnalyticsCategory":"","gdprTrackingIncompliant":false,"nicotineMedicalProduct":false,"tobaccoFreeNicotineProduct":false,"nonEkoProduct":false,"precautionaryStatements":[],"hazards":[],"tobaccoProduct":false,"showGoodPriceIcon":false,"labels":[],"seoDescription":"","seoTitle":"","manufacturer":null,"incrementValue":1.0,"productBasketType":{"code":"ST","type":"ProductBasketTypeEnum"},"bargainProduct":false,"addToCartMessage":"","thumbnail":{"imageType":"PRIMARY","format":"thumbnail","url":"https://assets.axfood.se/image/upload/f_auto,t_100/07311042013631_C1N1_s01","altText":null,"galleryIndex":null,"width":null},"outOfStock":false,"online":true,"displayVolume":"ca: 70g","addToCartDisabled":false,"name":"Paprika Carli Klass 1","code":"101783109_KG"},{"potentialPromotions":[],"inactivePotentialPromotions":[],"priceValue":54.9,"price":"54,90 kr/kg","image":{"imageType":"PRIMARY","format":"product","url":"https://assets.axfood.se/image/upload/f_auto,t_200/07311042013624_C1N1_s01","altText":null,"galleryIndex":null,"width":null},"ranking":0.0,"depositPrice":"","averageWeight":0.06,"comparePrice":"54,90 kr","comparePriceUnit":"kg","isDrugProduct":false,"solrSearchScore":1.0,"energyDeclaration":null,"newsSplashProduct":false,"notAllowedB2b":false,"notAllowedAnonymous":false,"productLine2":"ca: 60g","pickupProductLine2":"ca: 60g","priceUnit":"kr/kg","priceNoUnit":"54,90","savingsAmount":null,"googleAnalyticsCategory":"","gdprTrackingIncompliant":false,"nicotineMedicalProduct":false,"tobaccoFreeNicotineProduct":false,"nonEkoProduct":false,"precautionaryStatements":[],"hazards":[],"tobaccoProduct":false,"showGoodPriceIcon":false,"labels":[],"seoDescription":"","seoTitle":"","manufacturer":null,"incrementValue":1.0,"productBasketType":{"code":"ST","type":"ProductBasketTypeEnum"},"bargainProduct":false,"addToCartMessage":"","thumbnail":{"imageType":"PRIMARY","format":"thumbnail","url":"https://assets.axfood.se/image/upload/f_auto,t_100/07311042013624_C1N1_s01","altText":null,"galleryIndex":null,"width":null},"outOfStock":false,"online":true,"displayVolume":"ca: 60g","addToCartDisabled":false,"name":"Paprika Sivri Klass 1","code":"101783073_KG"},{"potentialPromotions":[],"inactivePotentialPromotions":[],"priceValue":21.9,"price":"21,90 kr","image":{"imageType":"PRIMARY","format":"product","url":"https://assets.axfood.se/image/upload/f_auto,t_200/07311042007906_C1N1_s01","altText":null,"galleryIndex":null,"width":null},"ranking":0.0,"depositPrice":"","averageWeight":null,"comparePrice":"54,75 kr","comparePriceUnit":"kg","isDrugProduct":false,"solrSearchScore":1.0,"energyDeclaration":null,"newsSplashProduct":false,"notAllowedB2b":false,"notAllowedAnonymous":false,"productLine2":"GARANT, 400g","pickupProductLine2":"GARANT, 400g","priceUnit":"kr/st","priceNoUnit":"21,90","savingsAmount":null,"googleAnalyticsCategory":"","gdprTrackingIncompliant":false,"nicotineMedicalProduct":false,"tobaccoFreeNicotineProduct":false,"nonEkoProduct":false,"precautionaryStatements":[],"hazards":[],"tobaccoProduct":false,"showGoodPriceIcon":false,"labels":["keyhole"],"seoDescription":"","seoTitle":"","manufacturer":"Garant","incrementValue":1.0,"productBasketType":{"code":"ST","type":"ProductBasketTypeEnum"},"bargainProduct":false,"addToCartMessage":"","thumbnail":{"imageType":"PRIMARY","format":"thumbnail","url":"https://assets.axfood.se/image/upload/f_auto,t_100/07311042007906_C1N1_s01","altText":null,"galleryIndex":null,"width":null},"outOfStock":false,"online":true,"displayVolume":"400g","addToCartDisabled":false,"name":"Kålmix Vitkål&morot Klass 1","code":"101285661_ST"},{"potentialPromotions":[],"inactivePotentialPromotions":[],"priceValue":49.9,"price":"49,90 kr","image":{"imageType":"PRIMARY","format":"product","url":"https://assets.axfood.se/image/upload/f_auto,t_200/07311042002147_C1N1_s01","altText":null,"galleryIndex":null,"width":null},"ranking":0.0,"depositPrice":"","averageWeight":null,"comparePrice":"178,21 kr","comparePriceUnit":"kg","isDrugProduct":false,"solrSearchScore":1.0,"energyDeclaration":null,"newsSplashProduct":false,"notAllowedB2b":false,"notAllowedAnonymous":false,"productLine2":"280g","pickupProductLine2":"280g","priceUnit":"kr/st","priceNoUnit":"49,90","savingsAmount":null,"googleAnalyticsCategory":"","gdprTrackingIncompliant":false,"nicotineMedicalProduct":false,"tobaccoFreeNicotineProduct":false,"nonEkoProduct":false,"precautionaryStatements":[],"hazards":[],"tobaccoProduct":false,"showGoodPriceIcon":false,"labels":["keyhole"],"seoDescription":"","seoTitle":"","manufacturer":null,"incrementValue":1.0,"productBasketType":{"code":"ST","type":"ProductBasketTypeEnum"},"bargainProduct":false,"addToCartMessage":"","thumbnail":{"imageType":"PRIMARY","format":"thumbnail","url":"https://assets.axfood.se/image/upload/f_auto,t_100/07311042002147_C1N1_s01","altText":null,"galleryIndex":null,"width":null},"outOfStock":false,"online":true,"displayVolume":"280g","addToCartDisabled":false,"name":"Portabello Svamp Klass 1","code":"101220019_ST"},{"potentialPromotions":[],"inactivePotentialPromotions":[],"priceValue":24.9,"price":"24,90 kr","image":{"imageType":"PRIMARY","format":"product","url":"https://assets.axfood.se/image/upload/f_auto,t_200/07311042007913_C1N1_s01","altText":null,"galleryIndex":null,"width":null},"ranking":0.0,"depositPrice":"","averageWeight":null,"comparePrice":"76,61 kr","comparePriceUnit":"kg","isDrugProduct":false,"solrSearchScore":1.0,"energyDeclaration":null,"newsSplashProduct":false,"notAllowedB2b":false,"notAllowedAnonymous":false,"productLine2":"GARANT, 325g","pickupProductLine2":"GARANT, 325g","priceUnit":"kr/st","priceNoUnit":"24,90","savingsAmount":null,"googleAnalyticsCategory":"","gdprTrackingIncompliant":false,"nicotineMedicalProduct":false,"tobaccoFreeNicotineProduct":false,"nonEkoProduct":false,"precautionaryStatements":[],"hazards":[],"tobaccoProduct":false,"showGoodPriceIcon":false,"labels":["swedish_flag","keyhole"],"seoDescription":"","seoTitle":"","manufacturer":"Garant","incrementValue":1.0,"productBasketType":{"code":"ST","type":"ProductBasketTypeEnum"},"bargainProduct":false,"addToCartMessage":"","thumbnail":{"imageType":"PRIMARY","format":"thumbnail","url":"https://assets.axfood.se/image/upload/f_auto,t_100/07311042007913_C1N1_s01","altText":null,"galleryIndex":null,"width":null},"outOfStock":false,"online":true,"displayVolume":"325g","addToCartDisabled":false,"name":"Kålmix Rödkål & Grönkål Klass 1","code":"101286113_ST"},{"potentialPromotions":[],"inactivePotentialPromotions":[],"priceValue":19.9,"price":"19,90 kr","image":{"imageType":"PRIMARY","format":"product","url":"https://assets.axfood.se/image/upload/f_auto,t_200/07311042010487_C1N1_s01","altText":null,"galleryIndex":null,"width":null},"ranking":0.0,"depositPrice":"","averageWeight":null,"comparePrice":"159,20 kr","comparePriceUnit":"kg","isDrugProduct":false,"solrSearchScore":1.0,"energyDeclaration":null,"newsSplashProduct":false,"notAllowedB2b":false,"notAllowedAnonymous":false,"productLine2":"GARANT, 125g","pickupProductLine2":"GARANT, 125g","priceUnit":"kr/st","priceNoUnit":"19,90","savingsAmount":null,"googleAnalyticsCategory":"","gdprTrackingIncompliant":false,"nicotineMedicalProduct":false,"tobaccoFreeNicotineProduct":false,"nonEkoProduct":false,"precautionaryStatements":[],"hazards":[],"tobaccoProduct":false,"showGoodPriceIcon":false,"labels":["keyhole"],"seoDescription":"","seoTitle":"","manufacturer":"Garant","incrementValue":1.0,"productBasketType":{"code":"ST","type":"ProductBasketTypeEnum"},"bargainProduct":false,"addToCartMessage":"","thumbnail":{"imageType":"PRIMARY","format":"thumbnail","url":"https://assets.axfood.se/image/upload/f_auto,t_100/07311042010487_C1N1_s01","altText":null,"galleryIndex":null,"width":null},"outOfStock":false,"online":true,"displayVolume":"125g","addToCartDisabled":false,"name":"Gourmetsallad Klass 1","code":"101325612_ST"},{"potentialPromotions":[],"inactivePotentialPromotions":[],"priceValue":16.9,"price":"16,90 kr","image":{"imageType":"PRIMARY","format":"product","url":"https://assets.axfood.se/image/upload/f_auto,t_200/07311042007272_C1C1_s01","altText":null,"galleryIndex":null,"width":null},"ranking":0.0,"depositPrice":"","averageWeight":null,"comparePrice":"96,57 kr","comparePriceUnit":"kg","isDrugProduct":false,"solrSearchScore":1.0,"energyDeclaration":null,"newsSplashProduct":false,"notAllowedB2b":false,"notAllowedAnonymous":false,"productLine2":"GARANT, 175g","pickupProductLine2":"GARANT, 175g","priceUnit":"kr/st","priceNoUnit":"16,90","savingsAmount":null,"googleAnalyticsCategory":"","gdprTrackingIncompliant":false,"nicotineMedicalProduct":false,"tobaccoFreeNicotineProduct":false,"nonEkoProduct":false,"precautionaryStatements":[],"hazards":[],"tobaccoProduct":false,"showGoodPriceIcon":false,"labels":["swedish_flag","keyhole"],"seoDescription":"","seoTitle":"","manufacturer":"Garant","incrementValue":1.0,"productBasketType":{"code":"ST","type":"ProductBasketTypeEnum"},"bargainProduct":false,"addToCartMessage":"","thumbnail":{"imageType":"PRIMARY","format":"thumbnail","url":"https://assets.axfood.se/image/upload/f_auto,t_100/07311042007272_C1C1_s01","altText":null,"galleryIndex":null,"width":null},"outOfStock":false,"online":true,"displayVolume":"175g","addToCartDisabled":false,"name":"Babyspenat Klass 1","code":"101281488_ST"},{"potentialPromotions":[],"inactivePotentialPromotions":[],"priceValue":27.9,"price":"27,90 kr","image":{"imageType":"PRIMARY","format":"product","url":"https://assets.axfood.se/image/upload/f_auto,t_200/07311042002529_C1N1_s01","altText":null,"galleryIndex":null,"width":null},"ranking":0.0,"depositPrice":"","averageWeight":null,"comparePrice":"31,00 kr","comparePriceUnit":"kg","isDrugProduct":false,"solrSearchScore":1.0,"energyDeclaration":null,"newsSplashProduct":false,"notAllowedB2b":false,"notAllowedAnonymous":false,"productLine2":"900g","pickupProductLine2":"900g","priceUnit":"kr/st","priceNoUnit":"27,90","savingsAmount":null,"googleAnalyticsCategory":"","gdprTrackingIncompliant":false,"nicotineMedicalProduct":false,"tobaccoFreeNicotineProduct":false,"nonEkoProduct":false,"precautionaryStatements":[],"hazards":[],"tobaccoProduct":false,"showGoodPriceIcon":false,"labels":["swedish_flag","keyhole"],"seoDescription":"","seoTitle":"","manufacturer":null,"incrementValue":1.0,"productBasketType":{"code":"ST","type":"ProductBasketTypeEnum"},"bargainProduct":false,"addToCartMessage":"","thumbnail":{"imageType":"PRIMARY","format":"thumbnail","url":"https://assets.axfood.se/image/upload/f_auto,t_100/07311042002529_C1N1_s01","altText":null,"galleryIndex":null,"width":null},"outOfStock":false,"online":true,"displayVolume":"900g","addToCartDisabled":false,"name":"Färskpotatis Estelle Klass 1","code":"101227838_ST"},{"potentialPromotions":[],"inactivePotentialPromotions":[],"priceValue":37.9,"price":"37,90 kr/kg","image":{"imageType":"PRIMARY","format":"product","url":"https://assets.axfood.se/image/upload/f_auto,t_200/07311042003892_C1N1_s01","altText":null,"galleryIndex":null,"width":null},"ranking":0.0,"depositPrice":"","averageWeight":1.4,"comparePrice":"37,90 kr","comparePriceUnit":"kg","isDrugProduct":false,"solrSearchScore":1.0,"energyDeclaration":null,"newsSplashProduct":false,"notAllowedB2b":false,"notAllowedAnonymous":false,"productLine2":"GARANT EKO, ca: 1.4kg","pickupProductLine2":"GARANT EKO, ca: 1.4kg","priceUnit":"kr/kg","priceNoUnit":"37,90","savingsAmount":null,"googleAnalyticsCategory":"","gdprTrackingIncompliant":false,"nicotineMedicalProduct":false,"tobaccoFreeNicotineProduct":false,"nonEkoProduct":false,"precautionaryStatements":[],"hazards":[],"tobaccoProduct":false,"showGoodPriceIcon":false,"labels":["ecological","krav","swedish_flag","from_sweden","eu_ecological","keyhole"],"seoDescription":"","seoTitle":"","manufacturer":"Garant Eko","incrementValue":1.0,"productBasketType":{"code":"ST","type":"ProductBasketTypeEnum"},"bargainProduct":false,"addToCartMessage":"","thumbnail":{"imageType":"PRIMARY","format":"thumbnail","url":"https://assets.axfood.se/image/upload/f_auto,t_100/07311042003892_C1N1_s01","altText":null,"galleryIndex":null,"width":null},"outOfStock":false,"online":true,"displayVolume":"ca: 1.4kg","addToCartDisabled":false,"name":"Vitkål Eko Klass 1","code":"100862381_KG"},{"potentialPromotions":[],"inactivePotentialPromotions":[],"priceValue":79.9,"price":"79,90 kr/kg","image":{"imageType":"PRIMARY","format":"product","url":"https://assets.axfood.se/image/upload/f_auto,t_200/07311042011125_C1N1_s01","altText":null,"galleryIndex":null,"width":null},"ranking":0.0,"depositPrice":"","averageWeight":0.1,"comparePrice":"79,90 kr","comparePriceUnit":"kg","isDrugProduct":false,"solrSearchScore":1.0,"energyDeclaration":null,"newsSplashProduct":false,"notAllowedB2b":false,"notAllowedAnonymous":false,"productLine2":"ca: 100g","pickupProductLine2":"ca: 100g","priceUnit":"kr/kg","priceNoUnit":"79,90","savingsAmount":null,"googleAnalyticsCategory":"","gdprTrackingIncompliant":false,"nicotineMedicalProduct":false,"tobaccoFreeNicotineProduct":false,"nonEkoProduct":false,"precautionaryStatements":[],"hazards":[],"tobaccoProduct":false,"showGoodPriceIcon":false,"labels":[],"seoDescription":"","seoTitle":"","manufacturer":null,"incrementValue":1.0,"productBasketType":{"code":"ST","type":"ProductBasketTypeEnum"},"bargainProduct":false,"addToCartMessage":"","thumbnail":{"imageType":"PRIMARY","format":"thumbnail","url":"https://assets.axfood.se/image/upload/f_auto,t_100/07311042011125_C1N1_s01","altText":null,"galleryIndex":null,"width":null},"outOfStock":false,"online":true,"displayVolume":"ca: 100g","addToCartDisabled":false,"name":"Paprika Kapri Klass 1","code":"101783110_KG"},{"potentialPromotions":[],"inactivePotentialPromotions":[],"priceValue":14.9,"price":"14,90 kr","image":{"imageType":"PRIMARY","format":"product","url":"https://assets.axfood.se/image/upload/f_auto,t_200/07311042007968_C1C1_s01","altText":null,"galleryIndex":null,"width":null},"ranking":0.0,"depositPrice":"","averageWeight":null,"comparePrice":"37,25 kr","comparePriceUnit":"kg","isDrugProduct":false,"solrSearchScore":1.0,"energyDeclaration":null,"newsSplashProduct":false,"notAllowedB2b":false,"notAllowedAnonymous":false,"productLine2":"GARANT, 400g","pickupProductLine2":"GARANT, 400g","priceUnit":"kr/st","priceNoUnit":"14,90","savingsAmount":null,"googleAnalyticsCategory":"","gdprTrackingIncompliant":false,"nicotineMedicalProduct":false,"tobaccoFreeNicotineProduct":false,"nonEkoProduct":false,"precautionaryStatements":[],"hazards":[],"tobaccoProduct":false,"showGoodPriceIcon":false,"labels":["keyhole"],"seoDescription":"","seoTitle":"","manufacturer":"Garant","incrementValue":1.0,"productBasketType":{"code":"ST","type":"ProductBasketTypeEnum"},"bargainProduct":false,"addToCartMessage":"","thumbnail":{"imageType":"PRIMARY","format":"thumbnail","url":"https://assets.axfood.se/image/upload/f_auto,t_100/07311042007968_C1C1_s01","altText":null,"galleryIndex":null,"width":null},"outOfStock":false,"online":true,"displayVolume":"400g","addToCartDisabled":false,"name":"Vitkål Strimlad Klass 1","code":"101286120_ST"}],"sorts":[{"code":"topRated","name":"Populärast","selected":true},{"code":"name-asc","name":"A – Ö","selected":false},{"code":"name-desc","name":"Ö – A","selected":false},{"code":"price-asc","name":"Pris (Billigast - Dyrast)","selected":false},{"code":"price-desc","name":"Pris (Dyrast - Billigast)","selected":false},{"code":"compareprice-asc","name":"Jämförpris (Billigast - Dyrast)","selected":false},{"code":"compareprice-desc","name":"Jämförpris (Dyrast - Billigast)","selected":false}],"pagination":{"pageSize":30,"currentPage":3,"sort":"topRated","numberOfPages":8,"totalNumberOfResults":236,"allProductsInCategoriesCount":236,"allProductsInSearchCount":0},"relatedResults":null,"relatedResultsPagination":null,"currentQuery":null,"breadcrumbs":[],"facets":[{"code":"commercialName2","name":"commercialName2","priority":-400,"category":false,"multiSelect":true,"visible":true,"topValues":null,"values":[{"code":"1 & 1","name":"1 & 1","count":1,"query":{"url":"frukt-och-gront?q=%3AtopRated%3AcommercialName2%3A1%2B%2526%2B1","query":{"value":":topRated:commercialName2:1+%26+1","filterQueries":[],"searchQueryContext":null,"searchType":null}},"selected":false},{"code":"Cajom","name":"Cajom","count":3,"query":{"url":"frukt-och-gront?q=%3AtopRated%3AcommercialName2%3ACajom","query":{"value":":topRated:commercialName2:Cajom","filterQueries":[],"searchQueryContext":null,"searchType":null}},"selected":false},{"code":"Garant","name":"Garant","count":38,"query":{"url":"frukt-och-gront?q=%3AtopRated%3AcommercialName2%3AGarant","query":{"value":":topRated:commercialName2:Garant","filterQueries":[],"searchQueryContext":null,"searchType":null}},"selected":false},{"code":"Garant Eko","name":"Garant Eko","count":22,"query":{"url":"frukt-och-gront?q=%3AtopRated%3AcommercialName2%3AGarant%2BEko","query":{"value":":topRated:commercialName2:Garant+Eko","filterQueries":[],"searchQueryContext":null,"searchType":null}},"selected":false}]},{"code":"productLabelTypes","name":"productLabelTypes","priority":-1000,"category":false,"multiSelect":false,"visible":true,"topValues":null,"values":[{"code":"ECOLOGICAL","name":"Ekologisk","count":40,"query":{"url":"frukt-och-gront?q=%3AtopRated%3AproductLabelTypes%3AECOLOGICAL","query":{"value":":topRated:productLabelTypes:ECOLOGICAL","filterQueries":[],"searchQueryContext":null,"searchType":null}},"selected":false},{"code":"FAIRTRADE_FACET","name":"Fairtrade","count":1,"query":{"url":"frukt-och-gront?q=%3AtopRated%3AproductLabelTypes%3AFAIRTRADE_FACET","query":{"value":":topRated:productLabelTypes:FAIRTRADE_FACET","filterQueries":[],"searchQueryContext":null,"searchType":null}},"selected":false},{"code":"ENVIRONMENTAL_FACET","name":"Miljömärkt","count":2,"query":{"url":"frukt-och-gront?q=%3AtopRated%3AproductLabelTypes%3AENVIRONMENTAL_FACET","query":{"value":":topRated:productLabelTypes:ENVIRONMENTAL_FACET","filterQueries":[],"searchQueryContext":null,"searchType":null}},"selected":false},{"code":"KEYHOLE","name":"Nyckelhålet","count":197,"query":{"url":"frukt-och-gront?q=%3AtopRated%3AproductLabelTypes%3AKEYHOLE","query":{"value":":topRated:productLabelTypes:KEYHOLE","filterQueries":[],"searchQueryContext":null,"searchType":null}},"selected":false},{"code":"SWEDISH_FLAG","name":"Svenskt","count":73,"query":{"url":"frukt-och-gront?q=%3AtopRated%3AproductLabelTypes%3ASWEDISH_FLAG","query":{"value":":topRated:productLabelTypes:SWEDISH_FLAG","filterQueries":[],"searchQueryContext":null,"searchType":null}},"selected":false}]}],"freeTextSearch":"","categoryCode":null,"keywordRedirectUrl":null,"spellingSuggestion":null,"categoryName":null,"customSuggestion":null,"categoryBreadcrumbs":{"url":"frukt-och-gront","name":"Frukt & Grönt","linkClass":null,"categoryCode":"N05"},"navigationCategories":null,"usedQuery":null,"subCategories":[{"code":"N0501","name":"Frukt","url":"frukt-och-gront/frukt","description":null,"image":null,"parentCategoryName":"Frukt & Grönt","sequence":0,"seoTitle":null,"seoDescription":null},{"code":"N0502","name":"Färska bär","url":"frukt-och-gront/farska-bar","description":null,"image":null,"parentCategoryName":"Frukt & Grönt","sequence":0,"seoTitle":null,"seoDescription":null},{"code":"N0503","name":"Grönsaker","url":"frukt-och-gront/gronsaker","description":null,"image":null,"parentCategoryName":"Frukt & Grönt","sequence":0,"seoTitle":null,"seoDescription":null},{"code":"N0504","name":"Potatis & rotsaker","url":"frukt-och-gront/potatis-och-rotsaker","description":null,"image":null,"parentCategoryName":"Frukt & Grönt","sequence":0,"seoTitle":null,"seoDescription":null},{"code":"N0505","name":"Svamp","url":"frukt-och-gront/svamp","description":null,"image":null,"parentCategoryName":"Frukt & Grönt","sequence":0,"seoTitle":null,"seoDescription":null},{"code":"N0506","name":"Kryddor & smaksättare","url":"frukt-och-gront/kryddor-och-smaksattare","description":null,"image":null,"parentCategoryName":"Frukt & Grönt","sequence":0,"seoTitle":null,"seoDescription":null}],"categoryInfo":{"code":"N05","name":"Frukt & Grönt","url":"frukt-och-gront","description":null,"image":null,"parentCategoryName":null,"sequence":0,"seoTitle":null,"seoDescription":null},"superCategories":[{"code":"N00","name":"Alla varor","url":"/alla-varor/c/","description":null,"image":null,"parentCategoryName":null,"sequence":0,"seoTitle":null,"seoDescription":null}],"restrictedProductTypes":""}
---
{"results":[{"potentialPromotions":[],"inactivePotentialPromotions":[],"priceValue":25.9,"price":"25,90 kr/kg","image":{"imageType":"PRIMARY","format":"product","url":"https://assets.axfood.se/image/upload/f_auto,t_200/07311042001805_C1N0_s01","altText":null,"galleryIndex":null,"width":null},"ranking":0.0,"depositPrice":"","averageWeight":1.0,"comparePrice":"25,90 kr","comparePriceUnit":"kg","isDrugProduct":false,"solrSearchScore":1.0,"energyDeclaration":null,"newsSplashProduct":false,"notAllowedB2b":false,"notAllowedAnonymous":false,"productLine2":"ca: 1kg","pickupProductLine2":"ca: 1kg","priceUnit":"kr/kg","priceNoUnit":"25,90","savingsAmount":null,"googleAnalyticsCategory":"","gdprTrackingIncompliant":false,"nicotineMedicalProduct":false,"tobaccoFreeNicotineProduct":false,"nonEkoProduct":false,"precautionaryStatements":[],"hazards":[],"tobaccoProduct":false,"showGoodPriceIcon":false,"labels":["keyhole"],"seoDescription":"","seoTitle":"","manufacturer":null,"incrementValue":1.0,"productBasketType":{"code":"ST","type":"ProductBasketTypeEnum"},"bargainProduct":false,"addToCartMessage":"","thumbnail":{"imageType":"PRIMARY","format":"thumbnail","url":"https://assets.axfood.se/image/upload/f_auto,t_100/07311042001805_C1N0_s01","altText":null,"galleryIndex":null,"width":null},"outOfStock":false,"online":true,"displayVolume":"ca: 1kg","addToCartDisabled":false,"name":"Pumpa Butternut","code":"100474513_KG"},{"potentialPromotions":[],"inactivePotentialPromotions":[],"priceValue":34.9,"price":"34,90 kr","image":{"imageType":"PRIMARY","format":"product","url":"https://assets.axfood.se/image/upload/f_auto,t_200/07311042000273_C1L1_s01","altText":null,"galleryIndex":null,"width":null},"ranking":0.0,"depositPrice":"","averageWeight":null,"comparePrice":"46,53 kr","comparePriceUnit":"kg","isDrugProduct":false,"solrSearchScore":1.0,"energyDeclaration":null,"newsSplashProduct":false,"notAllowedB2b":false,"notAllowedAnonymous":false,"productLine2":"GARANT EKO, 750g","pickupProductLine2":"GARANT EKO, 750g","priceUnit":"kr/st","priceNoUnit":"34,90","savingsAmount":null,"googleAnalyticsCategory":"","gdprTrackingIncompliant":false,"nicotineMedicalProduct":false,"tobaccoFreeNicotineProduct":false,"nonEkoProduct":false,"precautionaryStatements":[],"hazards":[],"tobaccoProduct":false,"showGoodPriceIcon":false,"labels":["ecological","eu_ecological","keyhole"],"seoDescription":"","seoTitle":"","manufacturer":"Garant Eko","incrementValue":1.0,"productBasketType":{"code":"ST","type":"ProductBasketTypeEnum"},"bargainProduct":false,"addToCartMessage":"","thumbnail":{"imageType":"PRIMARY","format":"thumbnail","url":"https://assets.axfood.se/image/upload/f_auto,t_100/07311042000273_C1L1_s01","altText":null,"galleryIndex":null,"width":null},"outOfStock":false,"online":true,"displayVolume":"750g","addToCartDisabled":false,"name":"Apelsiner Eko Klass 1","code":"100930511_ST"},{"potentialPromotions":[],"inactivePotentialPromotions":[],"priceValue":18.9,"price":"18,90 kr","image":{"imageType":"PRIMARY","format":"product","url":"https://assets.axfood.se/image/upload/f_auto,t_200/07311042000969_C1N1_s01","altText":null,"galleryIndex":null,"width":null},"ranking":0.0,"depositPrice":"","averageWeight":null,"comparePrice":"145,38 kr","comparePriceUnit":"kg","isDrugProduct":false,"solrSearchScore":1.0,"energyDeclaration":null,"newsSplashProduct":false,"notAllowedB2b":false,"notAllowedAnonymous":false,"productLine2":"130g","pickupProductLine2":"130g","priceUnit":"kr/st","priceNoUnit":"18,90","savingsAmount":null,"googleAnalyticsCategory":"","gdprTrackingIncompliant":false,"nicotineMedicalProduct":false,"tobaccoFreeNicotineProduct":false,"nonEkoProduct":false,"precautionaryStatements":[],"hazards":[],"tobaccoProduct":false,"showGoodPriceIcon":false,"labels":["ecological","krav","swedish_flag","eu_ecological","keyhole"],"seoDescription":"","seoTitle":"","manufacturer":null,"incrementValue":1.0,"productBasketType":{"code":"ST","type":"ProductBasketTypeEnum"},"bargainProduct":false,"addToCartMessage":"","thumbnail":{"imageType":"PRIMARY","format":"thumbnail","url":"https://assets.axfood.se/image/upload/f_auto,t_100/07311042000969_C1N1_s01","altText":null,"galleryIndex":null,"width":null},"outOfStock":false,"online":true,"displayVolume":"130g","addToCartDisabled":false,"name":"Alfalfagroddar Ekologisk","code":"101104733_ST"},{"potentialPromotions":[],"inactivePotentialPromotions":[],"priceValue":24.9,"price":"24,90 kr","image":{"imageType":"PRIMARY","format":"product","url":"https://assets.axfood.se/image/upload/f_auto,t_200/07311042002659_C1N1_s01","altText":null,"galleryIndex":null,"width":null},"ranking":0.0,"depositPrice":"","averageWeight":null,"comparePrice":"62,25 kr","comparePriceUnit":"kg","isDrugProduct":false,"solrSearchScore":1.0,"energyDeclaration":null,"newsSplashProduct":false,"notAllowedB2b":false,"notAllowedAnonymous":false,"productLine2":"","pickupProductLine2":"","priceUnit":"kr/st","priceNoUnit":"24,90","savingsAmount":null,"googleAnalyticsCategory":"","gdprTrackingIncompliant":false,"nicotineMedicalProduct":false,"tobaccoFreeNicotineProduct":false,"nonEkoProduct":false,"precautionaryStatements":[],"hazards":[],"tobaccoProduct":false,"showGoodPriceIcon":false,"labels":["ecological","swedish_flag","eu_ecological","keyhole"],"seoDescription":"","seoTitle":"","manufacturer":null,"incrementValue":1.0,"productBasketType":{"code":"ST","type":"ProductBasketTypeEnum"},"bargainProduct":false,"addToCartMessage":"","thumbnail":{"imageType":"PRIMARY","format":"thumbnail","url":"https://assets.axfood.se/image/upload/f_auto,t_100/07311042002659_C1N1_s01","altText":null,"galleryIndex":null,"width":null},"outOfStock":false,"online":true,"displayVolume":"","addToCartDisabled":false,"name":"Krispsallat i Kruka Ekologisk Klass 1","code":"100565103_ST"},{"potentialPromotions":[],"inactivePotentialPromotions":[],"priceValue":14.9,"price":"14,90 kr","image":{"imageType":"PRIMARY","format":"product","url":"https://assets.axfood.se/image/upload/f_auto,t_200/07311042001898_C1N1_s02","altText":null,"galleryIndex":null,"width":null},"ranking":0.0,"depositPrice":"","averageWeight":null,"comparePrice":"29,80 kr","comparePriceUnit":"kg","isDrugProduct":false,"solrSearchScore":1.0,"energyDeclaration":null,"newsSplashProduct":false,"notAllowedB2b":false,"notAllowedAnonymous":false,"productLine2":"500g","pickupProductLine2":"500g","priceUnit":"kr/st","priceNoUnit":"14,90","savingsAmount":null,"googleAnalyticsCategory":"","gdprTrackingIncompliant":false,"nicotineMedicalProduct":false,"tobaccoFreeNicotineProduct":false,"nonEkoProduct":false,"precautionaryStatements":[],"hazards":[],"tobaccoProduct":false,"showGoodPriceIcon":false,"labels":["keyhole"],"seoDescription":"","seoTitle":"","manufacturer":null,"incrementValue":1.0,"productBasketType":{"code":"ST","type":"ProductBasketTypeEnum"},"bargainProduct":false,"addToCartMessage":"","thumbnail":{"imageType":"PRIMARY","format":"thumbnail","url":"https://assets.axfood.se/image/upload/f_auto,t_100/07311042001898_C1N1_s02","altText":null,"galleryIndex":null,"width":null},"outOfStock":false,"online":true,"displayVolume":"500g","addToCartDisabled":false,"name":"Rödbetor Förkokt Klass 1","code":"101203910_ST"},{"potentialPromotions":[],"inactivePotentialPromotions":[],"priceValue":27.9,"price":"27,90 kr/kg","image":{"imageType":"PRIMARY","format":"product","url":"https://assets.axfood.se/image/upload/f_auto,t_200/07311042016939_C1C0_s01","altText":null,"galleryIndex":null,"width":null},"ranking":0.0,"depositPrice":"","averageWeight":0.17,"comparePrice":"27,90 kr","comparePriceUnit":"kg","isDrugProduct":false,"solrSearchScore":1.0,"energyDeclaration":null,"newsSplashProduct":false,"notAllowedB2b":false,"notAllowedAnonymous":false,"productLine2":"ca: 170g","pickupProductLine2":"ca: 170g","priceUnit":"kr/kg","priceNoUnit":"27,90","savingsAmount":null,"googleAnalyticsCategory":"","gdprTrackingIncompliant":false,"nicotineMedicalProduct":false,"tobaccoFreeNicotineProduct":false,"nonEkoProduct":false,"precautionaryStatements":[],"hazards":[],"tobaccoProduct":false,"showGoodPriceIcon":false,"labels":["keyhole"],"seoDescription":"","seoTitle":"","manufacturer":null,"incrementValue":1.0,"productBasketType":{"code":"ST","type":"ProductBasketTypeEnum"},"bargainProduct":false,"addToCartMessage":"","thumbnail":{"imageType":"PRIMARY","format":"thumbnail","url":"https://assets.axfood.se/image/upload/f_auto,t_100/07311042016939_C1C0_s01","altText":null,"galleryIndex":null,"width":null},"outOfStock":false,"online":true,"displayVolume":"ca: 170g","addToCartDisabled":false,"name":"Äpple Golden Delicious Klass 1","code":"101273787_KG"},{"potentialPromotions":[],"inactivePotentialPromotions":[],"priceValue":29.9,"price":"29,90 kr","image":{"imageType":"PRIMARY","format":"product","url":"https://assets.axfood.se/image/upload/f_auto,t_200/07311042013341_C1C1_s01","altText":null,"galleryIndex":null,"width":null},"ranking":0.0,"depositPrice":"","averageWeight":null,"comparePrice":"332,22 kr","comparePriceUnit":"kg","isDrugProduct":false,"solrSearchScore":1.0,"energyDeclaration":null,"newsSplashProduct":false,"notAllowedB2b":false,"notAllowedAnonymous":false,"productLine2":"CAJOM, 90g","pickupProductLine2":"CAJOM, 90g","priceUnit":"kr/st","priceNoUnit":"29,90","savingsAmount":null,"googleAnalyticsCategory":"","gdprTrackingIncompliant":false,"nicotineMedicalProduct":false,"tobaccoFreeNicotineProduct":false,"nonEkoProduct":false,"precautionaryStatements":[],"hazards":[],"tobaccoProduct":false,"showGoodPriceIcon":false,"labels":["swedish_flag"],"seoDescription":"","seoTitle":"","manufacturer":"Cajom","incrementValue":1.0,"productBasketType":{"code":"ST","type":"ProductBasketTypeEnum"},"bargainProduct":false,"addToCartMessage":"","thumbnail":{"imageType":"PRIMARY","format":"thumbnail","url":"https://assets.axfood.se/image/upload/f_auto,t_100/07311042013341_C1C1_s01","altText":null,"galleryIndex":null,"width":null},"outOfStock":false,"online":true,"displayVolume":"90g","addToCartDisabled":false,"name":"Vitlök Pressad","code":"101335190_ST"},{"potentialPromotions":[],"inactivePotentialPromotions":[],"priceValue":15.9,"price":"15,90 kr","image":{"imageType":"PRIMARY","format":"product","url":"https://assets.axfood.se/image/upload/f_auto,t_200/07311042001959_C1N1_s03","altText":null,"galleryIndex":null,"width":null},"ranking":0.0,"depositPrice":"","averageWeight":null,"comparePrice":"26,50 kr","comparePriceUnit":"kg","isDrugProduct":false,"solrSearchScore":1.0,"energyDeclaration":null,"newsSplashProduct":false,"notAllowedB2b":false,"notAllowedAnonymous":false,"productLine2":"GARANT EKO, 600g","pickupProductLine2":"GARANT EKO, 600g","priceUnit":"kr/st","priceNoUnit":"15,90","savingsAmount":null,"googleAnalyticsCategory":"","gdprTrackingIncompliant":false,"nicotineMedicalProduct":false,"tobaccoFreeNicotineProduct":false,"nonEkoProduct":false,"precautionaryStatements":[],"hazards":[],"tobaccoProduct":false,"showGoodPriceIcon":false,"labels":["ecological","swedish_flag","eu_ecological","keyhole"],"seoDescription":"","seoTitle":"","manufacturer":"Garant Eko","incrementValue":1.0,"productBasketType":{"code":"ST","type":"ProductBasketTypeEnum"},"bargainProduct":false,"addToCartMessage":"","thumbnail":{"imageType":"PRIMARY","format":"thumbnail","url":"https://assets.axfood.se/image/upload/f_auto,t_100/07311042001959_C1N1_s03","altText":null,"galleryIndex":null,"width":null},"outOfStock":false,"online":true,"displayVolume":"600g","addToCartDisabled":false,"name":"Rödbetor Eko Klass 1","code":"101194499_ST"},{"potentialPromotions":[],"inactivePotentialPromotions":[],"priceValue":23.9,"price":"23,90 kr","image":{"imageType":"PRIMARY","format":"product","url":"https://assets.axfood.se/image/upload/f_auto,t_200/07311041049969_C1L0_s01","altText":null,"galleryIndex":null,"width":null},"ranking":0.0,"depositPrice":"","averageWeight":null,"comparePrice":"95,60 kr","comparePriceUnit":"kg","isDrugProduct":false,"solrSearchScore":1.0,"energyDeclaration":null,"newsSplashProduct":false,"notAllowedB2b":false,"notAllowedAnonymous":false,"productLine2":"GARANT EKO, 250g","pickupProductLine2":"GARANT EKO, 250g","priceUnit":"kr/st","priceNoUnit":"23,90","savingsAmount":null,"googleAnalyticsCategory":"","gdprTrackingIncompliant":false,"nicotineMedicalProduct":false,"tobaccoFreeNicotineProduct":false,"nonEkoProduct":false,"precautionaryStatements":[],"hazards":[],"tobaccoProduct":false,"showGoodPriceIcon":false,"labels":["ecological","eu_ecological","keyhole"],"seoDescription":"","seoTitle":"","manufacturer":"Garant Eko","incrementValue":1.0,"productBasketType":{"code":"ST","type":"ProductBasketTypeEnum"},"bargainProduct":false,"addToCartMessage":"","thumbnail":{"imageType":"PRIMARY","format":"thumbnail","url":"https://assets.axfood.se/image/upload/f_auto,t_100/07311041049969_C1L0_s01","altText":null,"galleryIndex":null,"width":null},"outOfStock":false,"online":true,"displayVolume":"250g","addToCartDisabled":false,"name":"Tomat Cockt Eko Klass 1","code":"100930094_ST"},{"potentialPromotions":[],"inactivePotentialPromotions":[],"priceValue":29.9,"price":"29,90 kr","image":{"imageType":"PRIMARY","format":"product","url":"https://assets.axfood.se/image/upload/f_auto,t_200/07311042013365_C1C1_s01","altText":null,"galleryIndex":null,"width":null},"ranking":0.0,"depositPrice":"","averageWeight":null,"comparePrice":"332,22 kr","comparePriceUnit":"kg","isDrugProduct":false,"solrSearchScore":1.0,"energyDeclaration":null,"newsSplashProduct":false,"notAllowedB2b":false,"notAllowedAnonymous":false,"productLine2":"CAJOM, 90g","pickupProductLine2":"CAJOM, 90g","priceUnit":"kr/st","priceNoUnit":"29,90","savingsAmount":null,"googleAnalyticsCategory":"","gdprTrackingIncompliant":false,"nicotineMedicalProduct":false,"tobaccoFreeNicotineProduct":false,"nonEkoProduct":false,"precautionaryStatements":[],"hazards":[],"tobaccoProduct":false,"showGoodPriceIcon":false,"labels":["swedish_flag"],"seoDescription":"","seoTitle":"","manufacturer":"Cajom","incrementValue":1.0,"productBasketType":{"code":"ST","type":"ProductBasketTypeEnum"},"bargainProduct":false,"addToCartMessage":"","thumbnail":{"imageType":"PRIMARY","format":"thumbnail","url":"https://assets.axfood.se/image/upload/f_auto,t_100/07311042013365_C1C1_s01","altText":null,"galleryIndex":null,"width":null},"outOfStock":false,"online":true,"displayVolume":"90g","addToCartDisabled":false,"name":"Ingefära Riven","code":"101336897_ST"},{"potentialPromotions":[],"inactivePotentialPromotions":[],"priceValue":26.9,"price":"26,90 kr","image":{"imageType":"PRIMARY","format":"product","url":"https://assets.axfood.se/image/upload/f_auto,t_200/07311042016236_C1R1_s01","altText":null,"galleryIndex":null,"width":null},"ranking":0.0,"depositPrice":"","averageWeight":null,"comparePrice":"107,60 kr","comparePriceUnit":"kg","isDrugProduct":false,"solrSearchScore":1.0,"energyDeclaration":null,"newsSplashProduct":false,"notAllowedB2b":false,"notAllowedAnonymous":false,"productLine2":"250g","pickupProductLine2":"250g","priceUnit":"kr/st","priceNoUnit":"26,90","savingsAmount":null,"googleAnalyticsCategory":"","gdprTrackingIncompliant":false,"nicotineMedicalProduct":false,"tobaccoFreeNicotineProduct":false,"nonEkoProduct":false,"precautionaryStatements":[],"hazards":[],"tobaccoProduct":false,"showGoodPriceIcon":false,"labels":["keyhole"],"seoDescription":"","seoTitle":"","manufacturer":null,"incrementValue":1.0,"productBasketType":{"code":"ST","type":"ProductBasketTypeEnum"},"bargainProduct":false,"addToCartMessage":"","thumbnail":{"imageType":"PRIMARY","format":"thumbnail","url":"https://assets.axfood.se/image/upload/f_auto,t_100/07311042016236_C1R1_s01","altText":null,"galleryIndex":null,"width":null},"outOfStock":false,"online":true,"displayVolume":"250g","addToCartDisabled":false,"name":"Skogschamp Svamp Import Klass 1","code":"101220061_ST"},{"potentialPromotions":[],"inactivePotentialPromotions":[],"priceValue":54.9,"price":"54,90 kr/kg","image":{"imageType":"PRIMARY","format":"product","url":"https://assets.axfood.se/image/upload/f_auto,t_200/07311042013617_C1N1_s01","altText":null,"galleryIndex":null,"width":null},"ranking":0.0,"depositPrice":"","averageWeight":0.12,"comparePrice":"54,90 kr","comparePriceUnit":"kg","isDrugProduct":false,"solrSearchScore":1.0,"energyDeclaration":null,"newsSplashProduct":false,"notAllowedB2b":false,"notAllowedAnonymous":false,"productLine2":"ca: 120g","pickupProductLine2":"ca: 120g","priceUnit":"kr/kg","priceNoUnit":"54,90","savingsAmount":null,"googleAnalyticsCategory":"","gdprTrackingIncompliant":false,"nicotineMedicalProduct":false,"tobaccoFreeNicotineProduct":false,"nonEkoProduct":false,"precautionaryStatements":[],"hazards":[],"tobaccoProduct":false,"showGoodPriceIcon":false,"labels":[],"seoDescription":"","seoTitle":"","manufacturer":null,"incrementValue":1.0,"productBasketType":{"code":"ST","type":"ProductBasketTypeEnum"},"bargainProduct":false,"addToCartMessage":"","thumbnail":{"imageType":"PRIMARY","format":"thumbnail","url":"https://assets.axfood.se/image/upload/f_auto,t_100/07311042013617_C1N1_s01","altText":null,"galleryIndex":null,"width":null},"outOfStock":false,"online":true,"displayVolume":"ca: 120g","addToCartDisabled":false,"name":"Paprika Dolma Klass 1","code":"101783017_KG"},{"potentialPromotions":[],"inactivePotentialPromotions":[],"priceValue":29.9,"price":"29,90 kr/kg","image":{"imageType":"PRIMARY","format":"product","url":"https://assets.axfood.se/image/upload/f_auto,t_200/07311042016212_C1N1_s01","altText":null,"galleryIndex":null,"width":null},"ranking":0.0,"depositPrice":"","averageWeight":2.0,"comparePrice":"29,90 kr","comparePriceUnit":"kg","isDrugProduct":false,"solrSearchScore":1.0,"energyDeclaration":null,"newsSplashProduct":false,"notAllowedB2b":false,"notAllowedAnonymous":false,"productLine2":"ca: 2kg","pickupProductLine2":"ca: 2kg","priceUnit":"kr/kg","priceNoUnit":"29,90","savingsAmount":null,"googleAnalyticsCategory":"","gdprTrackingIncompliant":false,"nicotineMedicalProduct":false,"tobaccoFreeNicotineProduct":false,"nonEkoProduct":false,"precautionaryStatements":[],"hazards":[],"tobaccoProduct":false,"showGoodPriceIcon":false,"labels":[],"seoDescription":"","seoTitle":"","manufacturer":null,"incrementValue":1.0,"productBasketType":{"code":"ST","type":"ProductBasketTypeEnum"},"bargainProduct":false,"addToCartMessage":"","thumbnail":{"imageType":"PRIMARY","format":"thumbnail","url":"https://assets.axfood.se/image/upload/f_auto,t_100/07311042016212_C1N1_s01","altText":null,"galleryIndex":null,"width":null},"outOfStock":false,"online":true,"displayVolume":"ca: 2kg","addToCartDisabled":false,"name":"Rödkål Kl 1","code":"101713913_KG"},{"potentialPromotions":[],"inactivePotentialPromotions":[],"priceValue":11.9,"price":"11,90 kr","image":{"imageType":"PRIMARY","format":"product","url":"https://assets.axfood.se/image/upload/f_auto,t_200/07311042001539_C1N1_s03","altText":null,"galleryIndex":null,"width":null},"ranking":0.0,"depositPrice":"","averageWeight":null,"comparePrice":"23,80 kr","comparePriceUnit":"kg","isDrugProduct":false,"solrSearchScore":1.0,"energyDeclaration":null,"newsSplashProduct":false,"notAllowedB2b":false,"notAllowedAnonymous":false,"productLine2":"GARANT, 500g","pickupProductLine2":"GARANT, 500g","priceUnit":"kr/st","priceNoUnit":"11,90","savingsAmount":null,"googleAnalyticsCategory":"","gdprTrackingIncompliant":false,"nicotineMedicalProduct":false,"tobaccoFreeNicotineProduct":false,"nonEkoProduct":false,"precautionaryStatements":[],"hazards":[],"tobaccoProduct":false,"showGoodPriceIcon":false,"labels":["swedish_flag","keyhole"],"seoDescription":"","seoTitle":"","manufacturer":"Garant","incrementValue":1.0,"productBasketType":{"code":"ST","type":"ProductBasketTypeEnum"},"bargainProduct":false,"addToCartMessage":"","thumbnail":{"imageType":"PRIMARY","format":"thumbnail","url":"https://assets.axfood.se/image/upload/f_auto,t_100/07311042001539_C1N1_s03","altText":null,"galleryIndex":null,"width":null},"outOfStock":false,"online":true,"displayVolume":"500g","addToCartDisabled":false,"name":"Morötter Klass 1","code":"100794464_ST"},{"potentialPromotions":[],"inactivePotentialPromotions":[],"priceValue":24.9,"price":"24,90 kr/kg","image":{"imageType":"PRIMARY","format":"product","url":"https://assets.axfood.se/image/upload/f_auto,t_200/07311042016243_C1N0_s01","altText":null,"galleryIndex":null,"width":null},"ranking":0.0,"depositPrice":"","averageWeight":0.16,"comparePrice":"24,90 kr","comparePriceUnit":"kg","isDrugProduct":false,"solrSearchScore":1.0,"energyDeclaration":null,"newsSplashProduct":false,"notAllowedB2b":false,"notAllowedAnonymous":false,"productLine2":"ca: 160g","pickupProductLine2":"ca: 160g","priceUnit":"kr/kg","priceNoUnit":"24,90","savingsAmount":null,"googleAnalyticsCategory":"","gdprTrackingIncompliant":false,"nicotineMedicalProduct":false,"tobaccoFreeNicotineProduct":false,"nonEkoProduct":false,"precautionaryStatements":[],"hazards":[],"tobaccoProduct":false,"showGoodPriceIcon":false,"labels":[],"seoDescription":"","seoTitle":"","manufacturer":null,"incrementValue":1.0,"productBasketType":{"code":"ST","type":"ProductBasketTypeEnum"},"bargainProduct":false,"addToCartMessage":"","thumbnail":{"imageType":"PRIMARY","format":"thumbnail","url":"https://assets.axfood.se/image/upload/f_auto,t_100/07311042016243_C1N0_s01","altText":null,"galleryIndex":null,"width":null},"outOfStock":false,"online":true,"displayVolume":"ca: 160g","addToCartDisabled":false,"name":"Äpple Jonagold Klass 1","code":"101692811_KG"},{"potentialPromotions":[],"inactivePotentialPromotions":[],"priceValue":17.9,"price":"17,90 kr","image":{"imageType":"PRIMARY","format":"product","url":"https://assets.axfood.se/image/upload/f_auto,t_200/07311042002055_C1N0_s01","altText":null,"galleryIndex":null,"width":null},"ranking":0.0,"depositPrice":"","averageWeight":null,"comparePrice":"","comparePriceUnit":"","isDrugProduct":false,"solrSearchScore":1.0,"energyDeclaration":null,"newsSplashProduct":false,"notAllowedB2b":false,"notAllowedAnonymous":false,"productLine2":"ca150g","pickupProductLine2":"ca150g","priceUnit":"kr/st","priceNoUnit":"17,90","savingsAmount":null,"googleAnalyticsCategory":"","gdprTrackingIncompliant":false,"nicotineMedicalProduct":false,"tobaccoFreeNicotineProduct":false,"nonEkoProduct":false,"precautionaryStatements":[],"hazards":[],"tobaccoProduct":false,"showGoodPriceIcon":false,"labels":["swedish_flag","keyhole"],"seoDescription":"","seoTitle":"","manufacturer":null,"incrementValue":1.0,"productBasketType":{"code":"ST","type":"ProductBasketTypeEnum"},"bargainProduct":false,"addToCartMessage":"","thumbnail":{"imageType":"PRIMARY","format":"thumbnail","url":"https://assets.axfood.se/image/upload/f_auto,t_100/07311042002055_C1N0_s01","altText":null,"galleryIndex":null,"width":null},"outOfStock":false,"online":true,"displayVolume":"ca150g","addToCartDisabled":false,"name":"Huvudsallad Klass 1","code":"101202125_ST"},{"potentialPromotions":[],"inactivePotentialPromotions":[],"priceValue":14.9,"price":"14,90 kr","image":{"imageType":"PRIMARY","format":"product","url":"https://assets.axfood.se/image/upload/f_auto,t_200/07311042005032_C1N1_s02","altText":null,"galleryIndex":null,"width":null},"ranking":0.0,"depositPrice":"","averageWeight":null,"comparePrice":"74,50 kr","comparePriceUnit":"kg","isDrugProduct":false,"solrSearchScore":1.0,"energyDeclaration":null,"newsSplashProduct":false,"notAllowedB2b":false,"notAllowedAnonymous":false,"productLine2":"GARANT EKO, 200g","pickupProductLine2":"GARANT EKO, 200g","priceUnit":"kr/st","priceNoUnit":"14,90","savingsAmount":null,"googleAnalyticsCategory":"","gdprTrackingIncompliant":false,"nicotineMedicalProduct":false,"tobaccoFreeNicotineProduct":false,"nonEkoProduct":false,"precautionaryStatements":[],"hazards":[],"tobaccoProduct":false,"showGoodPriceIcon":false,"labels":["ecological","eu_ecological","keyhole"],"seoDescription":"","seoTitle":"","manufacturer":"Garant Eko","incrementValue":1.0,"productBasketType":{"code":"ST","type":"ProductBasketTypeEnum"},"bargainProduct":false,"addToCartMessage":"","thumbnail":{"imageType":"PRIMARY","format":"thumbnail","url":"https://assets.axfood.se/image/upload/f_auto,t_100/07311042005032_C1N1_s02","altText":null,"galleryIndex":null,"width":null},"outOfStock":false,"online":true,"displayVolume":"200g","addToCartDisabled":false,"name":"Snackmorötter Eko Klass 1","code":"101241433_ST"},{"potentialPromotions":[],"inactivePotentialPromotions":[],"priceValue":13.9,"price":"13,90 kr","image":{"imageType":"PRIMARY","format":"product","url":"https://assets.axfood.se/image/upload/f_auto,t_200/07311042001546_C1N1_s02","altText":null,"galleryIndex":null,"width":null},"ranking":0.0,"depositPrice":"","averageWeight":null,"comparePrice":"13,90 kr","comparePriceUnit":"kg","isDrugProduct":false,"solrSearchScore":1.0,"energyDeclaration":null,"newsSplashProduct":false,"notAllowedB2b":false,"notAllowedAnonymous":false,"productLine2":"GARANT, 1kg","pickupProductLine2":"GARANT, 1kg","priceUnit":"kr/st","priceNoUnit":"13,90","savingsAmount":null,"googleAnalyticsCategory":"","gdprTrackingIncompliant":false,"nicotineMedicalProduct":false,"tobaccoFreeNicotineProduct":false,"nonEkoProduct":false,"precautionaryStatements":[],"hazards":[],"tobaccoProduct":false,"showGoodPriceIcon":false,"labels":["swedish_flag","from_sweden","keyhole"],"seoDescription":"","seoTitle":"","manufacturer":"Garant","incrementValue":1.0,"productBasketType":{"code":"ST","type":"ProductBasketTypeEnum"},"bargainProduct":false,"addToCartMessage":"","thumbnail":{"imageType":"PRIMARY","format":"thumbnail","url":"https://assets.axfood.se/image/upload/f_auto,t_100/07311042001546_C1N1_s02","altText":null,"galleryIndex":null,"width":null},"outOfStock":false,"online":true,"displayVolume":"1kg","addToCartDisabled":false,"name":"Morötter Klass 1","code":"100794473_ST"},{"potentialPromotions":[],"inactivePotentialPromotions":[],"priceValue":11.9,"price":"11,90 kr","image":{"imageType":"PRIMARY","format":"product","url":"https://assets.axfood.se/image/upload/f_auto,t_200/07311042002338_C1N0_s01","altText":null,"galleryIndex":null,"width":null},"ranking":0.0,"depositPrice":"","averageWeight":null,"comparePrice":"33,33 kr","comparePriceUnit":"kg","isDrugProduct":false,"solrSearchScore":1.0,"energyDeclaration":null,"newsSplashProduct":false,"notAllowedB2b":false,"notAllowedAnonymous":false,"productLine2":"ca 360g","pickupProductLine2":"ca 360g","priceUnit":"kr/st","priceNoUnit":"11,90","savingsAmount":null,"googleAnalyticsCategory":"","gdprTrackingIncompliant":false,"nicotineMedicalProduct":false,"tobaccoFreeNicotineProduct":false,"nonEkoProduct":false,"precautionaryStatements":[],"hazards":[],"tobaccoProduct":false,"showGoodPriceIcon":false,"labels":["keyhole"],"seoDescription":"","seoTitle":"","manufacturer":null,"incrementValue":1.0,"productBasketType":{"code":"ST","type":"ProductBasketTypeEnum"},"bargainProduct":false,"addToCartMessage":"","thumbnail":{"imageType":"PRIMARY","format":"thumbnail","url":"https://assets.axfood.se/image/upload/f_auto,t_100/07311042002338_C1N0_s01","altText":null,"galleryIndex":null,"width":null},"outOfStock":false,"online":true,"displayVolume":"ca 360g","addToCartDisabled":false,"name":"Zucchini Klass 1","code":"100268130_ST"},{"potentialPromotions":[],"inactivePotentialPromotions":[],"priceValue":29.9,"price":"29,90 kr","image":{"imageType":"PRIMARY","format":"product","url":"https://assets.axfood.se/image/upload/f_auto,t_200/07311042013358_C1C1_s01","altText":null,"galleryIndex":null,"width":null},"ranking":0.0,"depositPrice":"","averageWeight":null,"comparePrice":"332,22 kr","comparePriceUnit":"kg","isDrugProduct":false,"solrSearchScore":1.0,"energyDeclaration":null,"newsSplashProduct":false,"notAllowedB2b":false,"notAllowedAnonymous":false,"productLine2":"CAJOM, 90g","pickupProductLine2":"CAJOM, 90g","priceUnit":"kr/st","priceNoUnit":"29,90","savingsAmount":null,"googleAnalyticsCategory":"","gdprTrackingIncompliant":false,"nicotineMedicalProduct":false,"tobaccoFreeNicotineProduct":false,"nonEkoProduct":false,"precautionaryStatements":[],"hazards":[],"tobaccoProduct":false,"showGoodPriceIcon":false,"labels":["swedish_flag"],"seoDescription":"","seoTitle":"","manufacturer":"Cajom","incrementValue":1.0,"productBasketType":{"code":"ST","type":"ProductBasketTypeEnum"},"bargainProduct":false,"addToCartMessage":"","thumbnail":{"imageType":"PRIMARY","format":"thumbnail","url":"https://assets.axfood.se/image/upload/f_auto,t_100/07311042013358_C1C1_s01","altText":null,"galleryIndex":null,"width":null},"outOfStock":false,"online":true,"displayVolume":"90g","addToCartDisabled":false,"name":"Pepparrotsvisp","code":"101336806_ST"},{"potentialPromotions":[],"inactivePotentialPromotions":[],"priceValue":13.9,"price":"13,90 kr","image":{"imageType":"PRIMARY","format":"product","url":"https://assets.axfood.se/image/upload/f_auto,t_200/07311042015987_C1N1_s03","altText":null,"galleryIndex":null,"width":null},"ranking":0.0,"depositPrice":"","averageWeight":null,"comparePrice":"","comparePriceUnit":"","isDrugProduct":false,"solrSearchScore":1.0,"energyDeclaration":null,"newsSplashProduct":false,"notAllowedB2b":false,"notAllowedAnonymous":false,"productLine2":"GARANT, 15g","pickupProductLine2":"GARANT, 15g","priceUnit":"kr/st","priceNoUnit":"13,90","savingsAmount":null,"googleAnalyticsCategory":"","gdprTrackingIncompliant":false,"nicotineMedicalProduct":false,"tobaccoFreeNicotineProduct":false,"nonEkoProduct":false,"precautionaryStatements":[],"hazards":[],"tobaccoProduct":false,"showGoodPriceIcon":false,"labels":[],"seoDescription":"","seoTitle":"","manufacturer":"Garant","incrementValue":1.0,"productBasketType":{"code":"ST","type":"ProductBasketTypeEnum"},"bargainProduct":false,"addToCartMessage":"","thumbnail":{"imageType":"PRIMARY","format":"thumbnail","url":"https://assets.axfood.se/image/upload/f_auto,t_100/07311042015987_C1N1_s03","altText":null,"galleryIndex":null,"width":null},"outOfStock":false,"online":true,"displayVolume":"15g","addToCartDisabled":false,"name":"Fransk Dragon","code":"101600142_ST"},{"potentialPromotions":[],"inactivePotentialPromotions":[],"priceValue":34.9,"price":"34,90 kr","image":{"imageType":"PRIMARY","format":"product","url":"https://assets.axfood.se/image/upload/f_auto,t_200/07311042002161_C1N1_s01","altText":null,"galleryIndex":null,"width":null},"ranking":0.0,"depositPrice":"","averageWeight":null,"comparePrice":"139,60 kr","comparePriceUnit":"kg","isDrugProduct":false,"solrSearchScore":1.0,"energyDeclaration":null,"newsSplashProduct":false,"notAllowedB2b":false,"notAllowedAnonymous":false,"productLine2":"250g","pickupProductLine2":"250g","priceUnit":"kr/st","priceNoUnit":"34,90","savingsAmount":null,"googleAnalyticsCategory":"","gdprTrackingIncompliant":false,"nicotineMedicalProduct":false,"tobaccoFreeNicotineProduct":false,"nonEkoProduct":false,"precautionaryStatements":[],"hazards":[],"tobaccoProduct":false,"showGoodPriceIcon":false,"labels":["ecological","eu_ecological","keyhole"],"seoDescription":"","seoTitle":"","manufacturer":null,"incrementValue":1.0,"productBasketType":{"code":"ST","type":"ProductBasketTypeEnum"},"bargainProduct":false,"addToCartMessage":"","thumbnail":{"imageType":"PRIMARY","format":"thumbnail","url":"https://assets.axfood.se/image/upload/f_auto,t_100/07311042002161_C1N1_s01","altText":null,"galleryIndex":null,"width":null},"outOfStock":false,"online":true,"displayVolume":"250g","addToCartDisabled":false,"name":"Champinjoner Eko Klass 1","code":"100916984_ST"},{"potentialPromotions":[],"inactivePotentialPromotions":[],"priceValue":16.9,"price":"16,90 kr","image":{"imageType":"PRIMARY","format":"product","url":"https://assets.axfood.se/image/upload/f_auto,t_200/07311042011583_C1N1_s01","altText":null,"galleryIndex":null,"width":null},"ranking":0.0,"depositPrice":"","averageWeight":null,"comparePrice":"33,80 kr","comparePriceUnit":"kg","isDrugProduct":false,"solrSearchScore":1.0,"energyDeclaration":null,"newsSplashProduct":false,"notAllowedB2b":false,"notAllowedAnonymous":false,"productLine2":"500g","pickupProductLine2":"500g","priceUnit":"kr/st","priceNoUnit":"16,90","savingsAmount":null,"googleAnalyticsCategory":"","gdprTrackingIncompliant":false,"nicotineMedicalProduct":false,"tobaccoFreeNicotineProduct":false,"nonEkoProduct":false,"precautionaryStatements":[],"hazards":[],"tobaccoProduct":false,"showGoodPriceIcon":false,"labels":["ecological","eu_ecological"],"seoDescription":"","seoTitle":"","manufacturer":null,"incrementValue":1.0,"productBasketType":{"code":"ST","type":"ProductBasketTypeEnum"},"bargainProduct":false,"addToCartMessage":"","thumbnail":{"imageType":"PRIMARY","format":"thumbnail","url":"https://assets.axfood.se/image/upload/f_auto,t_100/07311042011583_C1N1_s01","altText":null,"galleryIndex":null,"width":null},"outOfStock":false,"online":true,"displayVolume":"500g","addToCartDisabled":false,"name":"Surkål Opastöriserad","code":"101352541_ST"},{"potentialPromotions":[],"inactivePotentialPromotions":[],"priceValue":22.9,"price":"22,90 kr","image":{"imageType":"PRIMARY","format":"product","url":"https://assets.axfood.se/image/upload/f_auto,t_200/07311042002673_C1L1_s01","altText":null,"galleryIndex":null,"width":null},"ranking":0.0,"depositPrice":"","averageWeight":null,"comparePrice":"45,80 kr","comparePriceUnit":"kg","isDrugProduct":false,"solrSearchScore":1.0,"energyDeclaration":null,"newsSplashProduct":false,"notAllowedB2b":false,"notAllowedAnonymous":false,"productLine2":"500g","pickupProductLine2":"500g","priceUnit":"kr/st","priceNoUnit":"22,90","savingsAmount":null,"googleAnalyticsCategory":"","gdprTrackingIncompliant":false,"nicotineMedicalProduct":false,"tobaccoFreeNicotineProduct":false,"nonEkoProduct":false,"precautionaryStatements":[],"hazards":[],"tobaccoProduct":false,"showGoodPriceIcon":false,"labels":["swedish_flag","keyhole"],"seoDescription":"","seoTitle":"","manufacturer":null,"incrementValue":1.0,"productBasketType":{"code":"ST","type":"ProductBasketTypeEnum"},"bargainProduct":false,"addToCartMessage":"","thumbnail":{"imageType":"PRIMARY","format":"thumbnail","url":"https://assets.axfood.se/image/upload/f_auto,t_100/07311042002673_C1L1_s01","altText":null,"galleryIndex":null,"width":null},"outOfStock":false,"online":true,"displayVolume":"500g","addToCartDisabled":false,"name":"Soppgrönsaker i Tråg Klass 1","code":"100276951_ST"},{"potentialPromotions":[],"inactivePotentialPromotions":[],"priceValue":13.9,"price":"13,90 kr","image":{"imageType":"PRIMARY","format":"product","url":"https://assets.axfood.se/image/upload/f_auto,t_200/07311042015956_C1N1_s03","altText":null,"galleryIndex":null,"width":null},"ranking":0.0,"depositPrice":"","averageWeight":null,"comparePrice":"","comparePriceUnit":"","isDrugProduct":false,"solrSearchScore":1.0,"energyDeclaration":null,"newsSplashProduct":false,"notAllowedB2b":false,"notAllowedAnonymous":false,"productLine2":"GARANT, 15g","pickupProductLine2":"GARANT, 15g","priceUnit":"kr/st","priceNoUnit":"13,90","savingsAmount":null,"googleAnalyticsCategory":"","gdprTrackingIncompliant":false,"nicotineMedicalProduct":false,"tobaccoFreeNicotineProduct":false,"nonEkoProduct":false,"precautionaryStatements":[],"hazards":[],"tobaccoProduct":false,"showGoodPriceIcon":false,"labels":[],"seoDescription":"","seoTitle":"","manufacturer":"Garant","incrementValue":1.0,"productBasketType":{"code":"ST","type":"ProductBasketTypeEnum"},"bargainProduct":false,"addToCartMessage":"","thumbnail":{"imageType":"PRIMARY","format":"thumbnail","url":"https://assets.axfood.se/image/upload/f_auto,t_100/07311042015956_C1N1_s03","altText":null,"galleryIndex":null,"width":null},"outOfStock":false,"online":true,"displayVolume":"15g","addToCartDisabled":false,"name":"Salvia Klass 1","code":"101600183_ST"},{"potentialPromotions":[],"inactivePotentialPromotions":[],"priceValue":12.9,"price":"12,90 kr","image":{"imageType":"PRIMARY","format":"product","url":"https://assets.axfood.se/image/upload/f_auto,t_200/07311042007296_C1N1_s01","altText":null,"galleryIndex":null,"width":null},"ranking":0.0,"depositPrice":"","averageWeight":null,"comparePrice":"430,00 kr","comparePriceUnit":"kg","isDrugProduct":false,"solrSearchScore":1.0,"energyDeclaration":null,"newsSplashProduct":false,"notAllowedB2b":false,"notAllowedAnonymous":false,"productLine2":"GARANT EKO, 30g","pickupProductLine2":"GARANT EKO, 30g","priceUnit":"kr/st","priceNoUnit":"12,90","savingsAmount":null,"googleAnalyticsCategory":"","gdprTrackingIncompliant":false,"nicotineMedicalProduct":false,"tobaccoFreeNicotineProduct":false,"nonEkoProduct":false,"precautionaryStatements":[],"hazards":[],"tobaccoProduct":false,"showGoodPriceIcon":false,"labels":["ecological","eu_ecological","keyhole"],"seoDescription":"","seoTitle":"","manufacturer":"Garant Eko","incrementValue":1.0,"productBasketType":{"code":"ST","type":"ProductBasketTypeEnum"},"bargainProduct":false,"addToCartMessage":"","thumbnail":{"imageType":"PRIMARY","format":"thumbnail","url":"https://assets.axfood.se/image/upload/f_auto,t_100/07311042007296_C1N1_s01","altText":null,"galleryIndex":null,"width":null},"outOfStock":true,"online":true,"displayVolume":"30g","addToCartDisabled":false,"name":"Salladsmix Klass 1","code":"101281473_ST"},{"potentialPromotions":[],"inactivePotentialPromotions":[],"priceValue":66.9,"price":"66,90 kr","image":{"imageType":"PRIMARY","format":"product","url":"https://assets.axfood.se/image/upload/f_auto,t_200/07311042005865_C1N1_s01","altText":null,"galleryIndex":null,"width":null},"ranking":0.0,"depositPrice":"","averageWeight":null,"comparePrice":"13,38 kr","comparePriceUnit":"kg","isDrugProduct":false,"solrSearchScore":1.0,"energyDeclaration":null,"newsSplashProduct":false,"notAllowedB2b":false,"notAllowedAnonymous":false,"productLine2":"5 kg","pickupProductLine2":"5 kg","priceUnit":"kr/st","priceNoUnit":"66,90","savingsAmount":null,"googleAnalyticsCategory":"","gdprTrackingIncompliant":false,"nicotineMedicalProduct":false,"tobaccoFreeNicotineProduct":false,"nonEkoProduct":false,"precautionaryStatements":[],"hazards":[],"tobaccoProduct":false,"showGoodPriceIcon":false,"labels":["swedish_flag","keyhole"],"seoDescription":"","seoTitle":"","manufacturer":null,"incrementValue":1.0,"productBasketType":{"code":"ST","type":"ProductBasketTypeEnum"},"bargainProduct":false,"addToCartMessage":"","thumbnail":{"imageType":"PRIMARY","format":"thumbnail","url":"https://assets.axfood.se/image/upload/f_auto,t_100/07311042005865_C1N1_s01","altText":null,"galleryIndex":null,"width":null},"outOfStock":false,"online":true,"displayVolume":"5 kg","addToCartDisabled":false,"name":"Potatis Fast Klass 2","code":"100225490_ST"},{"potentialPromotions":[],"inactivePotentialPromotions":[],"priceValue":17.9,"price":"17,90 kr","image":{"imageType":"PRIMARY","format":"product","url":"https://assets.axfood.se/image/upload/f_auto,t_200/07311042012023_C1N1_s01","altText":null,"galleryIndex":null,"width":null},"ranking":0.0,"depositPrice":"","averageWeight":null,"comparePrice":"179,00 kr","comparePriceUnit":"kg","isDrugProduct":false,"solrSearchScore":1.0,"energyDeclaration":null,"newsSplashProduct":false,"notAllowedB2b":false,"notAllowedAnonymous":false,"productLine2":"100g","pickupProductLine2":"100g","priceUnit":"kr/st","priceNoUnit":"17,90","savingsAmount":null,"googleAnalyticsCategory":"","gdprTrackingIncompliant":false,"nicotineMedicalProduct":false,"tobaccoFreeNicotineProduct":false,"nonEkoProduct":false,"precautionaryStatements":[],"hazards":[],"tobaccoProduct":false,"showGoodPriceIcon":false,"labels":["keyhole"],"seoDescription":"","seoTitle":"","manufacturer":null,"incrementValue":1.0,"productBasketType":{"code":"ST","type":"ProductBasketTypeEnum"},"bargainProduct":false,"addToCartMessage":"","thumbnail":{"imageType":"PRIMARY","format":"thumbnail","url":"https://assets.axfood.se/image/upload/f_auto,t_100/07311042012023_C1N1_s01","altText":null,"galleryIndex":null,"width":null},"outOfStock":false,"online":true,"displayVolume":"100g","addToCartDisabled":false,"name":"Mynta","code":"101391698_ST"},{"potentialPromotions":[],"inactivePotentialPromotions":[],"priceValue":24.9,"price":"24,90 kr","image":{"imageType":"PRIMARY","format":"product","url":"https://assets.axfood.se/image/upload/f_auto,t_200/07311042002376_C1N1_s01","altText":null,"galleryIndex":null,"width":null},"ranking":0.0,"depositPrice":"","averageWeight":null,"comparePrice":"498,00 kr","comparePriceUnit":"kg","isDrugProduct":false,"solrSearchScore":1.0,"energyDeclaration":null,"newsSplashProduct":false,"notAllowedB2b":false,"notAllowedAnonymous":false,"productLine2":"50g","pickupProductLine2":"50g","priceUnit":"kr/st","priceNoUnit":"24,90","savingsAmount":null,"googleAnalyticsCategory":"","gdprTrackingIncompliant":false,"nicotineMedicalProduct":false,"tobaccoFreeNicotineProduct":false,"nonEkoProduct":false,"precautionaryStatements":[],"hazards":[],"tobaccoProduct":false,"showGoodPriceIcon":false,"labels":["keyhole"],"seoDescription":"","seoTitle":"","manufacturer":null,"incrementValue":1.0,"productBasketType":{"code":"ST","type":"ProductBasketTypeEnum"},"bargainProduct":false,"addToCartMessage":"","thumbnail":{"imageType":"PRIMARY","format":"thumbnail","url":"https://assets.axfood.se/image/upload/f_auto,t_100/07311042002376_C1N1_s01","altText":null,"galleryIndex":null,"width":null},"outOfStock":false,"online":true,"displayVolume":"50g","addToCartDisabled":false,"name":"Citrongräs","code":"100373105_ST"},{"potentialPromotions":[],"inactivePotentialPromotions":[],"priceValue":18.9,"price":"18,90 kr","image":{"imageType":"PRIMARY","format":"product","url":"https://assets.axfood.se/image/upload/f_auto,t_200/07311042006329_C1N1_s02","altText":null,"galleryIndex":null,"width":null},"ranking":0.0,"depositPrice":"","averageWeight":null,"comparePrice":"37,80 kr","comparePriceUnit":"kg","isDrugProduct":false,"solrSearchScore":1.0,"energyDeclaration":null,"newsSplashProduct":false,"notAllowedB2b":false,"notAllowedAnonymous":false,"productLine2":"500g","pickupProductLine2":"500g","priceUnit":"kr/st","priceNoUnit":"18,90","savingsAmount":null,"googleAnalyticsCategory":"","gdprTrackingIncompliant":false,"nicotineMedicalProduct":false,"tobaccoFreeNicotineProduct":false,"nonEkoProduct":false,"precautionaryStatements":[],"hazards":[],"tobaccoProduct":false,"showGoodPriceIcon":false,"labels":["ecological","swedish_flag","from_sweden","eu_ecological","keyhole"],"seoDescription":"","seoTitle":"","manufacturer":null,"incrementValue":1.0,"productBasketType":{"code":"ST","type":"ProductBasketTypeEnum"},"bargainProduct":false,"addToCartMessage":"","thumbnail":{"imageType":"PRIMARY","format":"thumbnail","url":"https://assets.axfood.se/image/upload/f_auto,t_100/07311042006329_C1N1_s02","altText":null,"galleryIndex":null,"width":null},"outOfStock":false,"online":true,"displayVolume":"500g","addToCartDisabled":false,"name":"Rödbetor Förkokta Eko Klass 1","code":"101264778_ST"}],"sorts":[{"code":"topRated","name":"Populärast","selected":true},{"code":"name-asc","name":"A – Ö","selected":false},{"code":"name-desc","name":"Ö – A","selected":false},{"code":"price-asc","name":"Pris (Billigast - Dyrast)","selected":false},{"code":"price-desc","name":"Pris (Dyrast - Billigast)","selected":false},{"code":"compareprice-asc","name":"Jämförpris (Billigast - Dyrast)","selected":false},{"code":"compareprice-desc","name":"Jämförpris (Dyrast - Billigast)","selected":false}],"pagination":{"pageSize":30,"currentPage":4,"sort":"topRated","numberOfPages":8,"totalNumberOfResults":236,"allProductsInCategoriesCount":236,"allProductsInSearchCount":0},"relatedResults":null,"relatedResultsPagination":null,"currentQuery":null,"breadcrumbs":[],"facets":[{"code":"commercialName2","name":"commercialName2","priority":-400,"category":false,"multiSelect":true,"visible":true,"topValues":null,"values":[{"code":"1 & 1","name":"1 & 1","count":1,"query":{"url":"frukt-och-gront?q=%3AtopRated%3AcommercialName2%3A1%2B%2526%2B1","query":{"value":":topRated:commercialName2:1+%26+1","filterQueries":[],"searchQueryContext":null,"searchType":null}},"selected":false},{"code":"Cajom","name":"Cajom","count":3,"query":{"url":"frukt-och-gront?q=%3AtopRated%3AcommercialName2%3ACajom","query":{"value":":topRated:commercialName2:Cajom","filterQueries":[],"searchQueryContext":null,"searchType":null}},"selected":false},{"code":"Garant","name":"Garant","count":38,"query":{"url":"frukt-och-gront?q=%3AtopRated%3AcommercialName2%3AGarant","query":{"value":":topRated:commercialName2:Garant","filterQueries":[],"searchQueryContext":null,"searchType":null}},"selected":false},{"code":"Garant Eko","name":"Garant Eko","count":22,"query":{"url":"frukt-och-gront?q=%3AtopRated%3AcommercialName2%3AGarant%2BEko","query":{"value":":topRated:commercialName2:Garant+Eko","filterQueries":[],"searchQueryContext":null,"searchType":null}},"selected":false}]},{"code":"productLabelTypes","name":"productLabelTypes","priority":-1000,"category":false,"multiSelect":false,"visible":true,"topValues":null,"values":[{"code":"ECOLOGICAL","name":"Ekologisk","count":40,"query":{"url":"frukt-och-gront?q=%3AtopRated%3AproductLabelTypes%3AECOLOGICAL","query":{"value":":topRated:productLabelTypes:ECOLOGICAL","filterQueries":[],"searchQueryContext":null,"searchType":null}},"selected":false},{"code":"FAIRTRADE_FACET","name":"Fairtrade","count":1,"query":{"url":"frukt-och-gront?q=%3AtopRated%3AproductLabelTypes%3AFAIRTRADE_FACET","query":{"value":":topRated:productLabelTypes:FAIRTRADE_FACET","filterQueries":[],"searchQueryContext":null,"searchType":null}},"selected":false},{"code":"ENVIRONMENTAL_FACET","name":"Miljömärkt","count":2,"query":{"url":"frukt-och-gront?q=%3AtopRated%3AproductLabelTypes%3AENVIRONMENTAL_FACET","query":{"value":":topRated:productLabelTypes:ENVIRONMENTAL_FACET","filterQueries":[],"searchQueryContext":null,"searchType":null}},"selected":false},{"code":"KEYHOLE","name":"Nyckelhålet","count":197,"query":{"url":"frukt-och-gront?q=%3AtopRated%3AproductLabelTypes%3AKEYHOLE","query":{"value":":topRated:productLabelTypes:KEYHOLE","filterQueries":[],"searchQueryContext":null,"searchType":null}},"selected":false},{"code":"SWEDISH_FLAG","name":"Svenskt","count":73,"query":{"url":"frukt-och-gront?q=%3AtopRated%3AproductLabelTypes%3ASWEDISH_FLAG","query":{"value":":topRated:productLabelTypes:SWEDISH_FLAG","filterQueries":[],"searchQueryContext":null,"searchType":null}},"selected":false}]}],"freeTextSearch":"","categoryCode":null,"keywordRedirectUrl":null,"spellingSuggestion":null,"categoryName":null,"customSuggestion":null,"categoryBreadcrumbs":{"url":"frukt-och-gront","name":"Frukt & Grönt","linkClass":null,"categoryCode":"N05"},"navigationCategories":null,"usedQuery":null,"subCategories":[{"code":"N0501","name":"Frukt","url":"frukt-och-gront/frukt","description":null,"image":null,"parentCategoryName":"Frukt & Grönt","sequence":0,"seoTitle":null,"seoDescription":null},{"code":"N0502","name":"Färska bär","url":"frukt-och-gront/farska-bar","description":null,"image":null,"parentCategoryName":"Frukt & Grönt","sequence":0,"seoTitle":null,"seoDescription":null},{"code":"N0503","name":"Grönsaker","url":"frukt-och-gront/gronsaker","description":null,"image":null,"parentCategoryName":"Frukt & Grönt","sequence":0,"seoTitle":null,"seoDescription":null},{"code":"N0504","name":"Potatis & rotsaker","url":"frukt-och-gront/potatis-och-rotsaker","description":null,"image":null,"parentCategoryName":"Frukt & Grönt","sequence":0,"seoTitle":null,"seoDescription":null},{"code":"N0505","name":"Svamp","url":"frukt-och-gront/svamp","description":null,"image":null,"parentCategoryName":"Frukt & Grönt","sequence":0,"seoTitle":null,"seoDescription":null},{"code":"N0506","name":"Kryddor & smaksättare","url":"frukt-och-gront/kryddor-och-smaksattare","description":null,"image":null,"parentCategoryName":"Frukt & Grönt","sequence":0,"seoTitle":null,"seoDescription":null}],"categoryInfo":{"code":"N05","name":"Frukt & Grönt","url":"frukt-och-gront","description":null,"image":null,"parentCategoryName":null,"sequence":0,"seoTitle":null,"seoDescription":null},"superCategories":[{"code":"N00","name":"Alla varor","url":"/alla-varor/c/","description":null,"image":null,"parentCategoryName":null,"sequence":0,"seoTitle":null,"seoDescription":null}],"restrictedProductTypes":""}
---
{"results":[{"potentialPromotions":[],"inactivePotentialPromotions":[],"priceValue":28.9,"price":"28,90 kr","image":{"imageType":"PRIMARY","format":"product","url":"https://assets.axfood.se/image/upload/f_auto,t_200/07311042000839_C1L1_s01","altText":null,"galleryIndex":null,"width":null},"ranking":0.0,"depositPrice":"","averageWeight":null,"comparePrice":"578,00 kr","comparePriceUnit":"kg","isDrugProduct":false,"solrSearchScore":1.0,"energyDeclaration":null,"newsSplashProduct":false,"notAllowedB2b":false,"notAllowedAnonymous":false,"productLine2":"50g","pickupProductLine2":"50g","priceUnit":"kr/st","priceNoUnit":"28,90","savingsAmount":null,"googleAnalyticsCategory":"","gdprTrackingIncompliant":false,"nicotineMedicalProduct":false,"tobaccoFreeNicotineProduct":false,"nonEkoProduct":false,"precautionaryStatements":[],"hazards":[],"tobaccoProduct":false,"showGoodPriceIcon":false,"labels":["ecological","eu_ecological","keyhole"],"seoDescription":"","seoTitle":"","manufacturer":null,"incrementValue":1.0,"productBasketType":{"code":"ST","type":"ProductBasketTypeEnum"},"bargainProduct":false,"addToCartMessage":"","thumbnail":{"imageType":"PRIMARY","format":"thumbnail","url":"https://assets.axfood.se/image/upload/f_auto,t_100/07311042000839_C1L1_s01","altText":null,"galleryIndex":null,"width":null},"outOfStock":false,"online":true,"displayVolume":"50g","addToCartDisabled":false,"name":"Chili Röd Ekologisk","code":"101228352_ST"},{"potentialPromotions":[],"inactivePotentialPromotions":[],"priceValue":49.9,"price":"49,90 kr/kg","image":{"imageType":"PRIMARY","format":"product","url":"https://assets.axfood.se/image/upload/f_auto,t_200/07311042016366_C1N0_s01","altText":null,"galleryIndex":null,"width":null},"ranking":0.0,"depositPrice":"","averageWeight":0.1,"comparePrice":"49,90 kr","comparePriceUnit":"kg","isDrugProduct":false,"solrSearchScore":1.0,"energyDeclaration":null,"newsSplashProduct":false,"notAllowedB2b":false,"notAllowedAnonymous":false,"productLine2":"ca: 100g","pickupProductLine2":"ca: 100g","priceUnit":"kr/kg","priceNoUnit":"49,90","savingsAmount":null,"googleAnalyticsCategory":"","gdprTrackingIncompliant":false,"nicotineMedicalProduct":false,"tobaccoFreeNicotineProduct":false,"nonEkoProduct":false,"precautionaryStatements":[],"hazards":[],"tobaccoProduct":false,"showGoodPriceIcon":false,"labels":["swedish_flag"],"seoDescription":"","seoTitle":"","manufacturer":null,"incrementValue":1.0,"productBasketType":{"code":"ST","type":"ProductBasketTypeEnum"},"bargainProduct":false,"addToCartMessage":"","thumbnail":{"imageType":"PRIMARY","format":"thumbnail","url":"https://assets.axfood.se/image/upload/f_auto,t_100/07311042016366_C1N0_s01","altText":null,"galleryIndex":null,"width":null},"outOfStock":false,"online":true,"displayVolume":"ca: 100g","addToCartDisabled":false,"name":"Rabarber","code":"101777512_KG"},{"potentialPromotions":[],"inactivePotentialPromotions":[],"priceValue":25.9,"price":"25,90 kr","image":{"imageType":"PRIMARY","format":"product","url":"https://assets.axfood.se/image/upload/f_auto,t_200/07311041049976_C1L1_s01","altText":null,"galleryIndex":null,"width":null},"ranking":0.0,"depositPrice":"","averageWeight":null,"comparePrice":"51,80 kr","comparePriceUnit":"kg","isDrugProduct":false,"solrSearchScore":1.0,"energyDeclaration":null,"newsSplashProduct":false,"notAllowedB2b":false,"notAllowedAnonymous":false,"productLine2":"GARANT EKO, 500g","pickupProductLine2":"GARANT EKO, 500g","priceUnit":"kr/st","priceNoUnit":"25,90","savingsAmount":null,"googleAnalyticsCategory":"","gdprTrackingIncompliant":false,"nicotineMedicalProduct":false,"tobaccoFreeNicotineProduct":false,"nonEkoProduct":false,"precautionaryStatements":[],"hazards":[],"tobaccoProduct":false,"showGoodPriceIcon":false,"labels":["ecological","krav","swedish_flag","eu_ecological","keyhole"],"seoDescription":"","seoTitle":"","manufacturer":"Garant Eko","incrementValue":1.0,"productBasketType":{"code":"ST","type":"ProductBasketTypeEnum"},"bargainProduct":false,"addToCartMessage":"","thumbnail":{"imageType":"PRIMARY","format":"thumbnail","url":"https://assets.axfood.se/image/upload/f_auto,t_100/07311041049976_C1L1_s01","altText":null,"galleryIndex":null,"width":null},"outOfStock":false,"online":true,"displayVolume":"500g","addToCartDisabled":false,"name":"Palsternacka Ekologisk Klass 1","code":"100764914_ST"},{"potentialPromotions":[],"inactivePotentialPromotions":[],"priceValue":22.9,"price":"22,90 kr","image":{"imageType":"PRIMARY","format":"product","url":"https://assets.axfood.se/image/upload/f_auto,t_200/07311042008316_C1N1_s02","altText":null,"galleryIndex":null,"width":null},"ranking":0.0,"depositPrice":"","averageWeight":null,"comparePrice":"38,17 kr","comparePriceUnit":"kg","isDrugProduct":false,"solrSearchScore":1.0,"energyDeclaration":null,"newsSplashProduct":false,"notAllowedB2b":false,"notAllowedAnonymous":false,"productLine2":"GARANT, 600g","pickupProductLine2":"GARANT, 600g","priceUnit":"kr/st","priceNoUnit":"22,90","savingsAmount":null,"googleAnalyticsCategory":"","gdprTrackingIncompliant":false,"nicotineMedicalProduct":false,"tobaccoFreeNicotineProduct":false,"nonEkoProduct":false,"precautionaryStatements":[],"hazards":[],"tobaccoProduct":false,"showGoodPriceIcon":false,"labels":["ecological","swedish_flag","eu_ecological"],"seoDescription":"","seoTitle":"","manufacturer":"Garant","incrementValue":1.0,"productBasketType":{"code":"ST","type":"ProductBasketTypeEnum"},"bargainProduct":false,"addToCartMessage":"","thumbnail":{"imageType":"PRIMARY","format":"thumbnail","url":"https://assets.axfood.se/image/upload/f_auto,t_100/07311042008316_C1N1_s02","altText":null,"galleryIndex":null,"width":null},"outOfStock":false,"online":true,"displayVolume":"600g","addToCartDisabled":false,"name":"Gulbeta Klass 1","code":"101288897_ST"},{"potentialPromotions":[],"inactivePotentialPromotions":[],"priceValue":19.9,"price":"19,90 kr","image":{"imageType":"PRIMARY","format":"product","url":"https://assets.axfood.se/image/upload/f_auto,t_200/07311042001966_C1N1_s01","altText":null,"galleryIndex":null,"width":null},"ranking":0.0,"depositPrice":"","averageWeight":null,"comparePrice":"99,50 kr","comparePriceUnit":"kg","isDrugProduct":false,"solrSearchScore":1.0,"energyDeclaration":null,"newsSplashProduct":false,"notAllowedB2b":false,"notAllowedAnonymous":false,"productLine2":"200g","pickupProductLine2":"200g","priceUnit":"kr/st","priceNoUnit":"19,90","savingsAmount":null,"googleAnalyticsCategory":"","gdprTrackingIncompliant":false,"nicotineMedicalProduct":false,"tobaccoFreeNicotineProduct":false,"nonEkoProduct":false,"precautionaryStatements":[],"hazards":[],"tobaccoProduct":false,"showGoodPriceIcon":false,"labels":["swedish_flag","keyhole"],"seoDescription":"","seoTitle":"","manufacturer":null,"incrementValue":1.0,"productBasketType":{"code":"ST","type":"ProductBasketTypeEnum"},"bargainProduct":false,"addToCartMessage":"","thumbnail":{"imageType":"PRIMARY","format":"thumbnail","url":"https://assets.axfood.se/image/upload/f_auto,t_100/07311042001966_C1N1_s01","altText":null,"galleryIndex":null,"width":null},"outOfStock":false,"online":true,"displayVolume":"200g","addToCartDisabled":false,"name":"Sallad Hjärtsallad Klass 1","code":"100672960_ST"},{"potentialPromotions":[],"inactivePotentialPromotions":[],"priceValue":23.9,"price":"23,90 kr","image":{"imageType":"PRIMARY","format":"product","url":"https://assets.axfood.se/image/upload/f_auto,t_200/07311042001249_C1N0_s01","altText":null,"galleryIndex":null,"width":null},"ranking":0.0,"depositPrice":"","averageWeight":null,"comparePrice":"39,83 kr","comparePriceUnit":"kg","isDrugProduct":false,"solrSearchScore":1.0,"energyDeclaration":null,"newsSplashProduct":false,"notAllowedB2b":false,"notAllowedAnonymous":false,"productLine2":"GARANT EKO, 600g","pickupProductLine2":"GARANT EKO, 600g","priceUnit":"kr/st","priceNoUnit":"23,90","savingsAmount":null,"googleAnalyticsCategory":"","gdprTrackingIncompliant":false,"nicotineMedicalProduct":false,"tobaccoFreeNicotineProduct":false,"nonEkoProduct":false,"precautionaryStatements":[],"hazards":[],"tobaccoProduct":false,"showGoodPriceIcon":false,"labels":["ecological","eu_ecological","keyhole"],"seoDescription":"","seoTitle":"","manufacturer":"Garant Eko","incrementValue":1.0,"productBasketType":{"code":"ST","type":"ProductBasketTypeEnum"},"bargainProduct":false,"addToCartMessage":"","thumbnail":{"imageType":"PRIMARY","format":"thumbnail","url":"https://assets.axfood.se/image/upload/f_auto,t_100/07311042001249_C1N0_s01","altText":null,"galleryIndex":null,"width":null},"outOfStock":false,"online":true,"displayVolume":"600g","addToCartDisabled":false,"name":"Lök Gul Eko Klass 1","code":"100930076_ST"},{"potentialPromotions":[],"inactivePotentialPromotions":[],"priceValue":23.9,"price":"23,90 kr","image":{"imageType":"PRIMARY","format":"product","url":"https://assets.axfood.se/image/upload/f_auto,t_200/07311042016199_C1N1_s01","altText":null,"galleryIndex":null,"width":null},"ranking":0.0,"depositPrice":"","averageWeight":null,"comparePrice":"478,00 kr","comparePriceUnit":"kg","isDrugProduct":false,"solrSearchScore":1.0,"energyDeclaration":null,"newsSplashProduct":false,"notAllowedB2b":false,"notAllowedAnonymous":false,"productLine2":"50g","pickupProductLine2":"50g","priceUnit":"kr/st","priceNoUnit":"23,90","savingsAmount":null,"googleAnalyticsCategory":"","gdprTrackingIncompliant":false,"nicotineMedicalProduct":false,"tobaccoFreeNicotineProduct":false,"nonEkoProduct":false,"precautionaryStatements":[],"hazards":[],"tobaccoProduct":false,"showGoodPriceIcon":false,"labels":[],"seoDescription":"","seoTitle":"","manufacturer":null,"incrementValue":1.0,"productBasketType":{"code":"ST","type":"ProductBasketTypeEnum"},"bargainProduct":false,"addToCartMessage":"","thumbnail":{"imageType":"PRIMARY","format":"thumbnail","url":"https://assets.axfood.se/image/upload/f_auto,t_100/07311042016199_C1N1_s01","altText":null,"galleryIndex":null,"width":null},"outOfStock":false,"online":true,"displayVolume":"50g","addToCartDisabled":false,"name":"Chilli Peppar Röd Kl1","code":"101731313_ST"},{"potentialPromotions":[],"inactivePotentialPromotions":[],"priceValue":15.9,"price":"15,90 kr","image":{"imageType":"PRIMARY","format":"product","url":"https://assets.axfood.se/image/upload/f_auto,t_200/07311042004691_C1N1_s01","altText":null,"galleryIndex":null,"width":null},"ranking":0.0,"depositPrice":"","averageWeight":null,"comparePrice":"51,29 kr","comparePriceUnit":"kg","isDrugProduct":false,"solrSearchScore":1.0,"energyDeclaration":null,"newsSplashProduct":false,"notAllowedB2b":false,"notAllowedAnonymous":false,"productLine2":"310g","pickupProductLine2":"310g","priceUnit":"kr/st","priceNoUnit":"15,90","savingsAmount":null,"googleAnalyticsCategory":"","gdprTrackingIncompliant":false,"nicotineMedicalProduct":false,"tobaccoFreeNicotineProduct":false,"nonEkoProduct":false,"precautionaryStatements":[],"hazards":[],"tobaccoProduct":false,"showGoodPriceIcon":false,"labels":["swedish_flag","from_sweden","keyhole"],"seoDescription":"","seoTitle":"","manufacturer":null,"incrementValue":1.0,"productBasketType":{"code":"ST","type":"ProductBasketTypeEnum"},"bargainProduct":false,"addToCartMessage":"","thumbnail":{"imageType":"PRIMARY","format":"thumbnail","url":"https://assets.axfood.se/image/upload/f_auto,t_100/07311042004691_C1N1_s01","altText":null,"galleryIndex":null,"width":null},"outOfStock":false,"online":true,"displayVolume":"310g","addToCartDisabled":false,"name":"Gurka Sverige Klass 1","code":"100594965_ST"},{"potentialPromotions":[],"inactivePotentialPromotions":[],"priceValue":17.9,"price":"17,90 kr","image":{"imageType":"PRIMARY","format":"product","url":"https://assets.axfood.se/image/upload/f_auto,t_200/07311042001430_C1L1_s01","altText":null,"galleryIndex":null,"width":null},"ranking":0.0,"depositPrice":"","averageWeight":null,"comparePrice":"71,60 kr","comparePriceUnit":"kg","isDrugProduct":false,"solrSearchScore":1.0,"energyDeclaration":null,"newsSplashProduct":false,"notAllowedB2b":false,"notAllowedAnonymous":false,"productLine2":"250g","pickupProductLine2":"250g","priceUnit":"kr/st","priceNoUnit":"17,90","savingsAmount":null,"googleAnalyticsCategory":"","gdprTrackingIncompliant":false,"nicotineMedicalProduct":false,"tobaccoFreeNicotineProduct":false,"nonEkoProduct":false,"precautionaryStatements":[],"hazards":[],"tobaccoProduct":false,"showGoodPriceIcon":false,"labels":["keyhole"],"seoDescription":"","seoTitle":"","manufacturer":null,"incrementValue":1.0,"productBasketType":{"code":"ST","type":"ProductBasketTypeEnum"},"bargainProduct":false,"addToCartMessage":"","thumbnail":{"imageType":"PRIMARY","format":"thumbnail","url":"https://assets.axfood.se/image/upload/f_auto,t_100/07311042001430_C1L1_s01","altText":null,"galleryIndex":null,"width":null},"outOfStock":false,"online":true,"displayVolume":"250g","addToCartDisabled":false,"name":"Steklök Klass 1","code":"100761668_ST"},{"potentialPromotions":[],"inactivePotentialPromotions":[],"priceValue":24.9,"price":"24,90 kr","image":{"imageType":"PRIMARY","format":"product","url":"https://assets.axfood.se/image/upload/f_auto,t_200/07311042001911_C1N1_s02","altText":null,"galleryIndex":null,"width":null},"ranking":0.0,"depositPrice":"","averageWeight":null,"comparePrice":"24,90 kr","comparePriceUnit":"kg","isDrugProduct":false,"solrSearchScore":1.0,"energyDeclaration":null,"newsSplashProduct":false,"notAllowedB2b":false,"notAllowedAnonymous":false,"productLine2":"GARANT, 1kg","pickupProductLine2":"GARANT, 1kg","priceUnit":"kr/st","priceNoUnit":"24,90","savingsAmount":null,"googleAnalyticsCategory":"","gdprTrackingIncompliant":false,"nicotineMedicalProduct":false,"tobaccoFreeNicotineProduct":false,"nonEkoProduct":false,"precautionaryStatements":[],"hazards":[],"tobaccoProduct":false,"showGoodPriceIcon":false,"labels":["swedish_flag","keyhole"],"seoDescription":"","seoTitle":"","manufacturer":"Garant","incrementValue":1.0,"productBasketType":{"code":"ST","type":"ProductBasketTypeEnum"},"bargainProduct":false,"addToCartMessage":"","thumbnail":{"imageType":"PRIMARY","format":"thumbnail","url":"https://assets.axfood.se/image/upload/f_auto,t_100/07311042001911_C1N1_s02","altText":null,"galleryIndex":null,"width":null},"outOfStock":false,"online":true,"displayVolume":"1kg","addToCartDisabled":false,"name":"Rödbetor Klass 1","code":"100960257_ST"},{"potentialPromotions":[],"inactivePotentialPromotions":[],"priceValue":19.9,"price":"19,90 kr","image":{"imageType":"PRIMARY","format":"product","url":"https://assets.axfood.se/image/upload/f_auto,t_200/07311042005001_C1N1_s01","altText":null,"galleryIndex":null,"width":null},"ranking":0.0,"depositPrice":"","averageWeight":null,"comparePrice":"79,60 kr","comparePriceUnit":"kg","isDrugProduct":false,"solrSearchScore":1.0,"energyDeclaration":null,"newsSplashProduct":false,"notAllowedB2b":false,"notAllowedAnonymous":false,"productLine2":"GARANT EKO, 250g","pickupProductLine2":"GARANT EKO, 250g","priceUnit":"kr/st","priceNoUnit":"19,90","savingsAmount":null,"googleAnalyticsCategory":"","gdprTrackingIncompliant":false,"nicotineMedicalProduct":false,"tobaccoFreeNicotineProduct":false,"nonEkoProduct":false,"precautionaryStatements":[],"hazards":[],"tobaccoProduct":false,"showGoodPriceIcon":false,"labels":["ecological","krav","swedish_flag","eu_ecological","keyhole"],"seoDescription":"","seoTitle":"","manufacturer":"Garant Eko","incrementValue":1.0,"productBasketType":{"code":"ST","type":"ProductBasketTypeEnum"},"bargainProduct":false,"addToCartMessage":"","thumbnail":{"imageType":"PRIMARY","format":"thumbnail","url":"https://assets.axfood.se/image/upload/f_auto,t_100/07311042005001_C1N1_s01","altText":null,"galleryIndex":null,"width":null},"outOfStock":false,"online":true,"displayVolume":"250g","addToCartDisabled":false,"name":"Jordärtskockor Eko Klass 1","code":"101236608_ST"},{"potentialPromotions":[],"inactivePotentialPromotions":[],"priceValue":29.9,"price":"29,90 kr","image":{"imageType":"PRIMARY","format":"product","url":"https://assets.axfood.se/image/upload/f_auto,t_200/07311042016175_C1N1_s01","altText":null,"galleryIndex":null,"width":null},"ranking":0.0,"depositPrice":"","averageWeight":null,"comparePrice":"747,50 kr","comparePriceUnit":"kg","isDrugProduct":false,"solrSearchScore":1.0,"energyDeclaration":null,"newsSplashProduct":false,"notAllowedB2b":false,"notAllowedAnonymous":false,"productLine2":"40g","pickupProductLine2":"40g","priceUnit":"kr/st","priceNoUnit":"29,90","savingsAmount":null,"googleAnalyticsCategory":"","gdprTrackingIncompliant":false,"nicotineMedicalProduct":false,"tobaccoFreeNicotineProduct":false,"nonEkoProduct":false,"precautionaryStatements":[],"hazards":[],"tobaccoProduct":false,"showGoodPriceIcon":false,"labels":[],"seoDescription":"","seoTitle":"","manufacturer":null,"incrementValue":1.0,"productBasketType":{"code":"ST","type":"ProductBasketTypeEnum"},"bargainProduct":false,"addToCartMessage":"","thumbnail":{"imageType":"PRIMARY","format":"thumbnail","url":"https://assets.axfood.se/image/upload/f_auto,t_100/07311042016175_C1N1_s01","altText":null,"galleryIndex":null,"width":null},"outOfStock":false,"online":true,"displayVolume":"40g","addToCartDisabled":false,"name":"Chilli Piri-piri","code":"101730582_ST"},{"potentialPromotions":[],"inactivePotentialPromotions":[],"priceValue":34.9,"price":"34,90 kr","image":{"imageType":"PRIMARY","format":"product","url":"https://assets.axfood.se/image/upload/f_auto,t_200/07311042000211_C1L1_s01","altText":null,"galleryIndex":null,"width":null},"ranking":0.0,"depositPrice":"","averageWeight":null,"comparePrice":"69,80 kr","comparePriceUnit":"kg","isDrugProduct":false,"solrSearchScore":1.0,"energyDeclaration":null,"newsSplashProduct":false,"notAllowedB2b":false,"notAllowedAnonymous":false,"productLine2":"500g","pickupProductLine2":"500g","priceUnit":"kr/st","priceNoUnit":"34,90","savingsAmount":null,"googleAnalyticsCategory":"","gdprTrackingIncompliant":false,"nicotineMedicalProduct":false,"tobaccoFreeNicotineProduct":false,"nonEkoProduct":false,"precautionaryStatements":[],"hazards":[],"tobaccoProduct":false,"showGoodPriceIcon":false,"labels":["keyhole"],"seoDescription":"","seoTitle":"","manufacturer":null,"incrementValue":1.0,"productBasketType":{"code":"ST","type":"ProductBasketTypeEnum"},"bargainProduct":false,"addToCartMessage":"","thumbnail":{"imageType":"PRIMARY","format":"thumbnail","url":"https://assets.axfood.se/image/upload/f_auto,t_100/07311042000211_C1L1_s01","altText":null,"galleryIndex":null,"width":null},"outOfStock":false,"online":true,"displayVolume":"500g","addToCartDisabled":false,"name":"Aprikoser i Korg Klass 1","code":"100790075_ST"},{"potentialPromotions":[],"inactivePotentialPromotions":[],"priceValue":24.9,"price":"24,90 kr","image":{"imageType":"PRIMARY","format":"product","url":"https://assets.axfood.se/image/upload/f_auto,t_200/07311042016168_C1N1_s01","altText":null,"galleryIndex":null,"width":null},"ranking":0.0,"depositPrice":"","averageWeight":null,"comparePrice":"622,50 kr","comparePriceUnit":"kg","isDrugProduct":false,"solrSearchScore":1.0,"energyDeclaration":null,"newsSplashProduct":false,"notAllowedB2b":false,"notAllowedAnonymous":false,"productLine2":"40g","pickupProductLine2":"40g","priceUnit":"kr/st","priceNoUnit":"24,90","savingsAmount":null,"googleAnalyticsCategory":"","gdprTrackingIncompliant":false,"nicotineMedicalProduct":false,"tobaccoFreeNicotineProduct":false,"nonEkoProduct":false,"precautionaryStatements":[],"hazards":[],"tobaccoProduct":false,"showGoodPriceIcon":false,"labels":[],"seoDescription":"","seoTitle":"","manufacturer":null,"incrementValue":1.0,"productBasketType":{"code":"ST","type":"ProductBasketTypeEnum"},"bargainProduct":false,"addToCartMessage":"","thumbnail":{"imageType":"PRIMARY","format":"thumbnail","url":"https://assets.axfood.se/image/upload/f_auto,t_100/07311042016168_C1N1_s01","altText":null,"galleryIndex":null,"width":null},"outOfStock":false,"online":true,"displayVolume":"40g","addToCartDisabled":false,"name":"Chilli Habanero","code":"101730961_ST"},{"potentialPromotions":[],"inactivePotentialPromotions":[],"priceValue":24.9,"price":"24,90 kr","image":{"imageType":"PRIMARY","format":"product","url":"https://assets.axfood.se/image/upload/f_auto,t_200/07311042016205_C1N1_s01","altText":null,"galleryIndex":null,"width":null},"ranking":0.0,"depositPrice":"","averageWeight":null,"comparePrice":"332,00 kr","comparePriceUnit":"kg","isDrugProduct":false,"solrSearchScore":1.0,"energyDeclaration":null,"newsSplashProduct":false,"notAllowedB2b":false,"notAllowedAnonymous":false,"productLine2":"75g","pickupProductLine2":"75g","priceUnit":"kr/st","priceNoUnit":"24,90","savingsAmount":null,"googleAnalyticsCategory":"","gdprTrackingIncompliant":false,"nicotineMedicalProduct":false,"tobaccoFreeNicotineProduct":false,"nonEkoProduct":false,"precautionaryStatements":[],"hazards":[],"tobaccoProduct":false,"showGoodPriceIcon":false,"labels":[],"seoDescription":"","seoTitle":"","manufacturer":null,"incrementValue":1.0,"productBasketType":{"code":"ST","type":"ProductBasketTypeEnum"},"bargainProduct":false,"addToCartMessage":"","thumbnail":{"imageType":"PRIMARY","format":"thumbnail","url":"https://assets.axfood.se/image/upload/f_auto,t_100/07311042016205_C1N1_s01","altText":null,"galleryIndex":null,"width":null},"outOfStock":false,"online":true,"displayVolume":"75g","addToCartDisabled":false,"name":"Chillipeppar Mix","code":"101730921_ST"},{"potentialPromotions":[],"inactivePotentialPromotions":[],"priceValue":34.9,"price":"34,90 kr","image":{"imageType":"PRIMARY","format":"product","url":"https://assets.axfood.se/image/upload/f_auto,t_200/07311042001164_C1N1_s01","altText":null,"galleryIndex":null,"width":null},"ranking":0.0,"depositPrice":"","averageWeight":null,"comparePrice":"139,60 kr","comparePriceUnit":"kg","isDrugProduct":false,"solrSearchScore":1.0,"energyDeclaration":null,"newsSplashProduct":false,"notAllowedB2b":false,"notAllowedAnonymous":false,"productLine2":"250g","pickupProductLine2":"250g","priceUnit":"kr/st","priceNoUnit":"34,90","savingsAmount":null,"googleAnalyticsCategory":"","gdprTrackingIncompliant":false,"nicotineMedicalProduct":false,"tobaccoFreeNicotineProduct":false,"nonEkoProduct":false,"precautionaryStatements":[],"hazards":[],"tobaccoProduct":false,"showGoodPriceIcon":false,"labels":["ecological","swedish_flag","eu_ecological","keyhole"],"seoDescription":"","seoTitle":"","manufacturer":null,"incrementValue":1.0,"productBasketType":{"code":"ST","type":"ProductBasketTypeEnum"},"bargainProduct":false,"addToCartMessage":"","thumbnail":{"imageType":"PRIMARY","format":"thumbnail","url":"https://assets.axfood.se/image/upload/f_auto,t_100/07311042001164_C1N1_s01","altText":null,"galleryIndex":null,"width":null},"outOfStock":false,"online":true,"displayVolume":"250g","addToCartDisabled":false,"name":"Grönkål Ekologisk","code":"101230194_ST"},{"potentialPromotions":[],"inactivePotentialPromotions":[],"priceValue":22.9,"price":"22,90 kr","image":{"imageType":"PRIMARY","format":"product","url":"https://assets.axfood.se/image/upload/f_auto,t_200/07311042001263_C1L1_s01","altText":null,"galleryIndex":null,"width":null},"ranking":0.0,"depositPrice":"","averageWeight":null,"comparePrice":"45,80 kr","comparePriceUnit":"kg","isDrugProduct":false,"solrSearchScore":1.0,"energyDeclaration":null,"newsSplashProduct":false,"notAllowedB2b":false,"notAllowedAnonymous":false,"productLine2":"GARANT EKO, 500g","pickupProductLine2":"GARANT EKO, 500g","priceUnit":"kr/st","priceNoUnit":"22,90","savingsAmount":null,"googleAnalyticsCategory":"","gdprTrackingIncompliant":false,"nicotineMedicalProduct":false,"tobaccoFreeNicotineProduct":false,"nonEkoProduct":false,"precautionaryStatements":[],"hazards":[],"tobaccoProduct":false,"showGoodPriceIcon":false,"labels":["ecological","swedish_flag","eu_ecological","keyhole"],"seoDescription":"","seoTitle":"","manufacturer":"Garant Eko","incrementValue":1.0,"productBasketType":{"code":"ST","type":"ProductBasketTypeEnum"},"bargainProduct":false,"addToCartMessage":"","thumbnail":{"imageType":"PRIMARY","format":"thumbnail","url":"https://assets.axfood.se/image/upload/f_auto,t_100/07311042001263_C1L1_s01","altText":null,"galleryIndex":null,"width":null},"outOfStock":false,"online":true,"displayVolume":"500g","addToCartDisabled":false,"name":"Lök Röd Eko Klass 1","code":"101064125_ST"},{"potentialPromotions":[],"inactivePotentialPromotions":[],"priceValue":24.9,"price":"24,90 kr","image":{"imageType":"PRIMARY","format":"product","url":"https://assets.axfood.se/image/upload/f_auto,t_200/07311042010081_C1L1_s01","altText":null,"galleryIndex":null,"width":null},"ranking":0.0,"depositPrice":"","averageWeight":null,"comparePrice":"27,67 kr","comparePriceUnit":"kg","isDrugProduct":false,"solrSearchScore":1.0,"energyDeclaration":null,"newsSplashProduct":false,"notAllowedB2b":false,"notAllowedAnonymous":false,"productLine2":"GARANT, 900g","pickupProductLine2":"GARANT, 900g","priceUnit":"kr/st","priceNoUnit":"24,90","savingsAmount":null,"googleAnalyticsCategory":"","gdprTrackingIncompliant":false,"nicotineMedicalProduct":false,"tobaccoFreeNicotineProduct":false,"nonEkoProduct":false,"precautionaryStatements":[],"hazards":[],"tobaccoProduct":false,"showGoodPriceIcon":false,"labels":["swedish_flag","from_sweden","keyhole"],"seoDescription":"","seoTitle":"","manufacturer":"Garant","incrementValue":1.0,"productBasketType":{"code":"ST","type":"ProductBasketTypeEnum"},"bargainProduct":false,"addToCartMessage":"","thumbnail":{"imageType":"PRIMARY","format":"thumbnail","url":"https://assets.axfood.se/image/upload/f_auto,t_100/07311042010081_C1L1_s01","altText":null,"galleryIndex":null,"width":null},"outOfStock":false,"online":true,"displayVolume":"900g","addToCartDisabled":false,"name":"Potatis Smått&gott Klass 1","code":"101301931_ST"},{"potentialPromotions":[],"inactivePotentialPromotions":[],"priceValue":15.9,"price":"15,90 kr","image":{"imageType":"PRIMARY","format":"product","url":"https://assets.axfood.se/image/upload/f_auto,t_200/07311042001614_C1N1_s02","altText":null,"galleryIndex":null,"width":null},"ranking":0.0,"depositPrice":"","averageWeight":null,"comparePrice":"31,80 kr","comparePriceUnit":"kg","isDrugProduct":false,"solrSearchScore":1.0,"energyDeclaration":null,"newsSplashProduct":false,"notAllowedB2b":false,"notAllowedAnonymous":false,"productLine2":"GARANT, 500g","pickupProductLine2":"GARANT, 500g","priceUnit":"kr/st","priceNoUnit":"15,90","savingsAmount":null,"googleAnalyticsCategory":"","gdprTrackingIncompliant":false,"nicotineMedicalProduct":false,"tobaccoFreeNicotineProduct":false,"nonEkoProduct":false,"precautionaryStatements":[],"hazards":[],"tobaccoProduct":false,"showGoodPriceIcon":false,"labels":["swedish_flag","keyhole"],"seoDescription":"","seoTitle":"","manufacturer":"Garant","incrementValue":1.0,"productBasketType":{"code":"ST","type":"ProductBasketTypeEnum"},"bargainProduct":false,"addToCartMessage":"","thumbnail":{"imageType":"PRIMARY","format":"thumbnail","url":"https://assets.axfood.se/image/upload/f_auto,t_100/07311042001614_C1N1_s02","altText":null,"galleryIndex":null,"width":null},"outOfStock":false,"online":true,"displayVolume":"500g","addToCartDisabled":false,"name":"Palsternacka Klass 1","code":"100942027_ST"},{"potentialPromotions":[],"inactivePotentialPromotions":[],"priceValue":13.9,"price":"13,90 kr","image":{"imageType":"PRIMARY","format":"product","url":"https://assets.axfood.se/image/upload/f_auto,t_200/07311042000662_C1N0_s01","altText":null,"galleryIndex":null,"width":null},"ranking":0.0,"depositPrice":"","averageWeight":null,"comparePrice":"81,77 kr","comparePriceUnit":"kg","isDrugProduct":false,"solrSearchScore":1.0,"energyDeclaration":null,"newsSplashProduct":false,"notAllowedB2b":false,"notAllowedAnonymous":false,"productLine2":"170g","pickupProductLine2":"170g","priceUnit":"kr/st","priceNoUnit":"13,90","savingsAmount":null,"googleAnalyticsCategory":"","gdprTrackingIncompliant":false,"nicotineMedicalProduct":false,"tobaccoFreeNicotineProduct":false,"nonEkoProduct":false,"precautionaryStatements":[],"hazards":[],"tobaccoProduct":false,"showGoodPriceIcon":false,"labels":["keyhole"],"seoDescription":"","seoTitle":"","manufacturer":null,"incrementValue":1.0,"productBasketType":{"code":"ST","type":"ProductBasketTypeEnum"},"bargainProduct":false,"addToCartMessage":"","thumbnail":{"imageType":"PRIMARY","format":"thumbnail","url":"https://assets.axfood.se/image/upload/f_auto,t_100/07311042000662_C1N0_s01","altText":null,"galleryIndex":null,"width":null},"outOfStock":false,"online":true,"displayVolume":"170g","addToCartDisabled":false,"name":"Avokado Klass 1","code":"100151933_ST"},{"potentialPromotions":[],"inactivePotentialPromotions":[],"priceValue":25.9,"price":"25,90 kr","image":{"imageType":"PRIMARY","format":"product","url":"https://assets.axfood.se/image/upload/f_auto,t_200/07311042001768_C1N1_s01","altText":null,"galleryIndex":null,"width":null},"ranking":0.0,"depositPrice":"","averageWeight":null,"comparePrice":"103,60 kr","comparePriceUnit":"kg","isDrugProduct":false,"solrSearchScore":1.0,"energyDeclaration":null,"newsSplashProduct":false,"notAllowedB2b":false,"notAllowedAnonymous":false,"productLine2":"250g","pickupProductLine2":"250g","priceUnit":"kr/st","priceNoUnit":"25,90","savingsAmount":null,"googleAnalyticsCategory":"","gdprTrackingIncompliant":false,"nicotineMedicalProduct":false,"tobaccoFreeNicotineProduct":false,"nonEkoProduct":false,"precautionaryStatements":[],"hazards":[],"tobaccoProduct":false,"showGoodPriceIcon":false,"labels":["keyhole"],"seoDescription":"","seoTitle":"","manufacturer":null,"incrementValue":1.0,"productBasketType":{"code":"ST","type":"ProductBasketTypeEnum"},"bargainProduct":false,"addToCartMessage":"","thumbnail":{"imageType":"PRIMARY","format":"thumbnail","url":"https://assets.axfood.se/image/upload/f_auto,t_100/07311042001768_C1N1_s01","altText":null,"galleryIndex":null,"width":null},"outOfStock":false,"online":true,"displayVolume":"250g","addToCartDisabled":false,"name":"Persilja Blad","code":"101204329_ST"},{"potentialPromotions":[],"inactivePotentialPromotions":[],"priceValue":6.9,"price":"6,90 kr","image":{"imageType":"PRIMARY","format":"product","url":"https://assets.axfood.se/image/upload/f_auto,t_200/07311042000099_C1N0_s01","altText":null,"galleryIndex":null,"width":null},"ranking":0.0,"depositPrice":"","averageWeight":null,"comparePrice":"41,57 kr","comparePriceUnit":"kg","isDrugProduct":false,"solrSearchScore":1.0,"energyDeclaration":null,"newsSplashProduct":false,"notAllowedB2b":false,"notAllowedAnonymous":false,"productLine2":"166g","pickupProductLine2":"166g","priceUnit":"kr/st","priceNoUnit":"6,90","savingsAmount":null,"googleAnalyticsCategory":"","gdprTrackingIncompliant":false,"nicotineMedicalProduct":false,"tobaccoFreeNicotineProduct":false,"nonEkoProduct":false,"precautionaryStatements":[],"hazards":[],"tobaccoProduct":false,"showGoodPriceIcon":false,"labels":["keyhole"],"seoDescription":"","seoTitle":"","manufacturer":null,"incrementValue":1.0,"productBasketType":{"code":"ST","type":"ProductBasketTypeEnum"},"bargainProduct":false,"addToCartMessage":"","thumbnail":{"imageType":"PRIMARY","format":"thumbnail","url":"https://assets.axfood.se/image/upload/f_auto,t_100/07311042000099_C1N0_s01","altText":null,"galleryIndex":null,"width":null},"outOfStock":false,"online":true,"displayVolume":"166g","addToCartDisabled":false,"name":"Citron Klass 1","code":"100255117_ST"},{"potentialPromotions":[],"inactivePotentialPromotions":[],"priceValue":49.9,"price":"49,90 kr","image":{"imageType":"PRIMARY","format":"product","url":"https://assets.axfood.se/image/upload/f_auto,t_200/07311042001331_C1L1_s01","altText":null,"galleryIndex":null,"width":null},"ranking":0.0,"depositPrice":"","averageWeight":null,"comparePrice":"199,60 kr","comparePriceUnit":"kg","isDrugProduct":false,"solrSearchScore":1.0,"energyDeclaration":null,"newsSplashProduct":false,"notAllowedB2b":false,"notAllowedAnonymous":false,"productLine2":"250g","pickupProductLine2":"250g","priceUnit":"kr/st","priceNoUnit":"49,90","savingsAmount":null,"googleAnalyticsCategory":"","gdprTrackingIncompliant":false,"nicotineMedicalProduct":false,"tobaccoFreeNicotineProduct":false,"nonEkoProduct":false,"precautionaryStatements":[],"hazards":[],"tobaccoProduct":false,"showGoodPriceIcon":false,"labels":["keyhole"],"seoDescription":"","seoTitle":"","manufacturer":null,"incrementValue":1.0,"productBasketType":{"code":"ST","type":"ProductBasketTypeEnum"},"bargainProduct":false,"addToCartMessage":"","thumbnail":{"imageType":"PRIMARY","format":"thumbnail","url":"https://assets.axfood.se/image/upload/f_auto,t_100/07311042001331_C1L1_s01","altText":null,"galleryIndex":null,"width":null},"outOfStock":false,"online":true,"displayVolume":"250g","addToCartDisabled":false,"name":"Super Solo Klass 1","code":"100774119_ST"},{"potentialPromotions":[],"inactivePotentialPromotions":[],"priceValue":24.9,"price":"24,90 kr","image":{"imageType":"PRIMARY","format":"product","url":"https://assets.axfood.se/image/upload/f_auto,t_200/07311042016182_C1N1_s01","altText":null,"galleryIndex":null,"width":null},"ranking":0.0,"depositPrice":"","averageWeight":null,"comparePrice":"622,50 kr","comparePriceUnit":"kg","isDrugProduct":false,"solrSearchScore":1.0,"energyDeclaration":null,"newsSplashProduct":false,"notAllowedB2b":false,"notAllowedAnonymous":false,"productLine2":"40g","pickupProductLine2":"40g","priceUnit":"kr/st","priceNoUnit":"24,90","savingsAmount":null,"googleAnalyticsCategory":"","gdprTrackingIncompliant":false,"nicotineMedicalProduct":false,"tobaccoFreeNicotineProduct":false,"nonEkoProduct":false,"precautionaryStatements":[],"hazards":[],"tobaccoProduct":false,"showGoodPriceIcon":false,"labels":[],"seoDescription":"","seoTitle":"","manufacturer":null,"incrementValue":1.0,"productBasketType":{"code":"ST","type":"ProductBasketTypeEnum"},"bargainProduct":false,"addToCartMessage":"","thumbnail":{"imageType":"PRIMARY","format":"thumbnail","url":"https://assets.axfood.se/image/upload/f_auto,t_100/07311042016182_C1N1_s01","altText":null,"galleryIndex":null,"width":null},"outOfStock":false,"online":true,"displayVolume":"40g","addToCartDisabled":false,"name":"Chilli Jalapeno","code":"101730926_ST"},{"potentialPromotions":[],"inactivePotentialPromotions":[],"priceValue":31.9,"price":"31,90 kr","image":{"imageType":"PRIMARY","format":"product","url":"https://assets.axfood.se/image/upload/f_auto,t_200/07311042006459_C1L1_s01","altText":null,"galleryIndex":null,"width":null},"ranking":0.0,"depositPrice":"","averageWeight":null,"comparePrice":"63,80 kr","comparePriceUnit":"kg","isDrugProduct":false,"solrSearchScore":1.0,"energyDeclaration":null,"newsSplashProduct":false,"notAllowedB2b":false,"notAllowedAnonymous":false,"productLine2":"500g","pickupProductLine2":"500g","priceUnit":"kr/st","priceNoUnit":"31,90","savingsAmount":null,"googleAnalyticsCategory":"","gdprTrackingIncompliant":false,"nicotineMedicalProduct":false,"tobaccoFreeNicotineProduct":false,"nonEkoProduct":false,"precautionaryStatements":[],"hazards":[],"tobaccoProduct":false,"showGoodPriceIcon":false,"labels":["keyhole"],"seoDescription":"","seoTitle":"","manufacturer":null,"incrementValue":1.0,"productBasketType":{"code":"ST","type":"ProductBasketTypeEnum"},"bargainProduct":false,"addToCartMessage":"","thumbnail":{"imageType":"PRIMARY","format":"thumbnail","url":"https://assets.axfood.se/image/upload/f_auto,t_100/07311042006459_C1L1_s01","altText":null,"galleryIndex":null,"width":null},"outOfStock":false,"online":true,"displayVolume":"500g","addToCartDisabled":false,"name":"Tomat Babyplommon Klass 1","code":"101267404_ST"},{"potentialPromotions":[],"inactivePotentialPromotions":[],"priceValue":12.9,"price":"12,90 kr","image":{"imageType":"PRIMARY","format":"product","url":"https://assets.axfood.se/image/upload/f_auto,t_200/07311042010692_C1N1_s01","altText":null,"galleryIndex":null,"width":null},"ranking":0.0,"depositPrice":"","averageWeight":null,"comparePrice":"103,20 kr","comparePriceUnit":"kg","isDrugProduct":false,"solrSearchScore":1.0,"energyDeclaration":null,"newsSplashProduct":false,"notAllowedB2b":false,"notAllowedAnonymous":false,"productLine2":"GARANT, 125g","pickupProductLine2":"GARANT, 125g","priceUnit":"kr/st","priceNoUnit":"12,90","savingsAmount":null,"googleAnalyticsCategory":"","gdprTrackingIncompliant":false,"nicotineMedicalProduct":false,"tobaccoFreeNicotineProduct":false,"nonEkoProduct":false,"precautionaryStatements":[],"hazards":[],"tobaccoProduct":false,"showGoodPriceIcon":false,"labels":["swedish_flag","keyhole"],"seoDescription":"","seoTitle":"","manufacturer":"Garant","incrementValue":1.0,"productBasketType":{"code":"ST","type":"ProductBasketTypeEnum"},"bargainProduct":false,"addToCartMessage":"","thumbnail":{"imageType":"PRIMARY","format":"thumbnail","url":"https://assets.axfood.se/image/upload/f_auto,t_100/07311042010692_C1N1_s01","altText":null,"galleryIndex":null,"width":null},"outOfStock":false,"online":true,"displayVolume":"125g","addToCartDisabled":false,"name":"Isberg Klass 1","code":"101328625_ST"},{"potentialPromotions":[],"inactivePotentialPromotions":[],"priceValue":26.9,"price":"26,90 kr","image":{"imageType":"PRIMARY","format":"product","url":"https://assets.axfood.se/image/upload/f_auto,t_200/07311042001317_C1L1_s01","altText":null,"galleryIndex":null,"width":null},"ranking":0.0,"depositPrice":"","averageWeight":null,"comparePrice":"107,60 kr","comparePriceUnit":"kg","isDrugProduct":false,"solrSearchScore":1.0,"energyDeclaration":null,"newsSplashProduct":false,"notAllowedB2b":false,"notAllowedAnonymous":false,"productLine2":"250g","pickupProductLine2":"250g","priceUnit":"kr/st","priceNoUnit":"26,90","savingsAmount":null,"googleAnalyticsCategory":"","gdprTrackingIncompliant":false,"nicotineMedicalProduct":false,"tobaccoFreeNicotineProduct":false,"nonEkoProduct":false,"precautionaryStatements":[],"hazards":[],"tobaccoProduct":false,"showGoodPriceIcon":false,"labels":["keyhole"],"seoDescription":"","seoTitle":"","manufacturer":null,"incrementValue":1.0,"productBasketType":{"code":"ST","type":"ProductBasketTypeEnum"},"bargainProduct":false,"addToCartMessage":"","thumbnail":{"imageType":"PRIMARY","format":"thumbnail","url":"https://assets.axfood.se/image/upload/f_auto,t_100/07311042001317_C1L1_s01","altText":null,"galleryIndex":null,"width":null},"outOfStock":false,"online":true,"displayVolume":"250g","addToCartDisabled":false,"name":"Vitlök Klass 1","code":"100761613_ST"},{"potentialPromotions":[],"inactivePotentialPromotions":[],"priceValue":29.9,"price":"29,90 kr","image":{"imageType":"PRIMARY","format":"product","url":"https://assets.axfood.se/image/upload/f_auto,t_200/07311042001102_C1L1_s01","altText":null,"galleryIndex":null,"width":null},"ranking":0.0,"depositPrice":"","averageWeight":null,"comparePrice":"149,50 kr","comparePriceUnit":"kg","isDrugProduct":false,"solrSearchScore":1.0,"energyDeclaration":null,"newsSplashProduct":false,"notAllowedB2b":false,"notAllowedAnonymous":false,"productLine2":"200g","pickupProductLine2":"200g","priceUnit":"kr/st","priceNoUnit":"29,90","savingsAmount":null,"googleAnalyticsCategory":"","gdprTrackingIncompliant":false,"nicotineMedicalProduct":false,"tobaccoFreeNicotineProduct":false,"nonEkoProduct":false,"precautionaryStatements":[],"hazards":[],"tobaccoProduct":false,"showGoodPriceIcon":false,"labels":["ecological","eu_ecological","keyhole"],"seoDescription":"","seoTitle":"","manufacturer":null,"incrementValue":1.0,"productBasketType":{"code":"ST","type":"ProductBasketTypeEnum"},"bargainProduct":false,"addToCartMessage":"","thumbnail":{"imageType":"PRIMARY","format":"thumbnail","url":"https://assets.axfood.se/image/upload/f_auto,t_100/07311042001102_C1L1_s01","altText":null,"galleryIndex":null,"width":null},"outOfStock":false,"online":true,"displayVolume":"200g","addToCartDisabled":false,"name":"Ingefära Eko","code":"101235422_ST"},{"potentialPromotions":[],"inactivePotentialPromotions":[],"priceValue":13.9,"price":"13,90 kr","image":{"imageType":"PRIMARY","format":"product","url":"https://assets.axfood.se/image/upload/f_auto,t_200/07311042015949_C1N1_s03","altText":null,"galleryIndex":null,"width":null},"ranking":0.0,"depositPrice":"","averageWeight":null,"comparePrice":"","comparePriceUnit":"","isDrugProduct":false,"solrSearchScore":1.0,"energyDeclaration":null,"newsSplashProduct":false,"notAllowedB2b":false,"notAllowedAnonymous":false,"productLine2":"GARANT, 15g","pickupProductLine2":"GARANT, 15g","priceUnit":"kr/st","priceNoUnit":"13,90","savingsAmount":null,"googleAnalyticsCategory":"","gdprTrackingIncompliant":false,"nicotineMedicalProduct":false,"tobaccoFreeNicotineProduct":false,"nonEkoProduct":false,"precautionaryStatements":[],"hazards":[],"tobaccoProduct":false,"showGoodPriceIcon":false,"labels":[],"seoDescription":"","seoTitle":"","manufacturer":"Garant","incrementValue":1.0,"productBasketType":{"code":"ST","type":"ProductBasketTypeEnum"},"bargainProduct":false,"addToCartMessage":"","thumbnail":{"imageType":"PRIMARY","format":"thumbnail","url":"https://assets.axfood.se/image/upload/f_auto,t_100/07311042015949_C1N1_s03","altText":null,"galleryIndex":null,"width":null},"outOfStock":false,"online":true,"displayVolume":"15g","addToCartDisabled":false,"name":"Oregano Klass 1","code":"101600214_ST"},{"potentialPromotions":[],"inactivePotentialPromotions":[],"priceValue":19.9,"price":"19,90 kr","image":{"imageType":"PRIMARY","format":"product","url":"https://assets.axfood.se/image/upload/f_auto,t_200/07311042004875_C1N1_s01","altText":null,"galleryIndex":null,"width":null},"ranking":0.0,"depositPrice":"","averageWeight":null,"comparePrice":"49,75 kr","comparePriceUnit":"kg","isDrugProduct":false,"solrSearchScore":1.0,"energyDeclaration":null,"newsSplashProduct":false,"notAllowedB2b":false,"notAllowedAnonymous":false,"productLine2":"ca400g","pickupProductLine2":"ca400g","priceUnit":"kr/st","priceNoUnit":"19,90","savingsAmount":null,"googleAnalyticsCategory":"","gdprTrackingIncompliant":false,"nicotineMedicalProduct":false,"tobaccoFreeNicotineProduct":false,"nonEkoProduct":false,"precautionaryStatements":[],"hazards":[],"tobaccoProduct":false,"showGoodPriceIcon":false,"labels":["keyhole"],"seoDescription":"","seoTitle":"","manufacturer":null,"incrementValue":1.0,"productBasketType":{"code":"ST","type":"ProductBasketTypeEnum"},"bargainProduct":false,"addToCartMessage":"","thumbnail":{"imageType":"PRIMARY","format":"thumbnail","url":"https://assets.axfood.se/image/upload/f_auto,t_100/07311042004875_C1N1_s01","altText":null,"galleryIndex":null,"width":null},"outOfStock":false,"online":true,"displayVolume":"ca400g","addToCartDisabled":false,"name":"Bladselleri Klass 1","code":"100960480_ST"}],"sorts":[{"code":"topRated","name":"Populärast","selected":true},{"code":"name-asc","name":"A – Ö","selected":false},{"code":"name-desc","name":"Ö – A","selected":false},{"code":"price-asc","name":"Pris (Billigast - Dyrast)","selected":false},{"code":"price-desc","name":"Pris (Dyrast - Billigast)","selected":false},{"code":"compareprice-asc","name":"Jämförpris (Billigast - Dyrast)","selected":false},{"code":"compareprice-desc","name":"Jämförpris (Dyrast - Billigast)","selected":false}],"pagination":{"pageSize":30,"currentPage":5,"sort":"topRated","numberOfPages":8,"totalNumberOfResults":236,"allProductsInCategoriesCount":236,"allProductsInSearchCount":0},"relatedResults":null,"relatedResultsPagination":null,"currentQuery":null,"breadcrumbs":[],"facets":[{"code":"commercialName2","name":"commercialName2","priority":-400,"category":false,"multiSelect":true,"visible":true,"topValues":null,"values":[{"code":"1 & 1","name":"1 & 1","count":1,"query":{"url":"frukt-och-gront?q=%3AtopRated%3AcommercialName2%3A1%2B%2526%2B1","query":{"value":":topRated:commercialName2:1+%26+1","filterQueries":[],"searchQueryContext":null,"searchType":null}},"selected":false},{"code":"Cajom","name":"Cajom","count":3,"query":{"url":"frukt-och-gront?q=%3AtopRated%3AcommercialName2%3ACajom","query":{"value":":topRated:commercialName2:Cajom","filterQueries":[],"searchQueryContext":null,"searchType":null}},"selected":false},{"code":"Garant","name":"Garant","count":38,"query":{"url":"frukt-och-gront?q=%3AtopRated%3AcommercialName2%3AGarant","query":{"value":":topRated:commercialName2:Garant","filterQueries":[],"searchQueryContext":null,"searchType":null}},"selected":false},{"code":"Garant Eko","name":"Garant Eko","count":22,"query":{"url":"frukt-och-gront?q=%3AtopRated%3AcommercialName2%3AGarant%2BEko","query":{"value":":topRated:commercialName2:Garant+Eko","filterQueries":[],"searchQueryContext":null,"searchType":null}},"selected":false}]},{"code":"productLabelTypes","name":"productLabelTypes","priority":-1000,"category":false,"multiSelect":false,"visible":true,"topValues":null,"values":[{"code":"ECOLOGICAL","name":"Ekologisk","count":40,"query":{"url":"frukt-och-gront?q=%3AtopRated%3AproductLabelTypes%3AECOLOGICAL","query":{"value":":topRated:productLabelTypes:ECOLOGICAL","filterQueries":[],"searchQueryContext":null,"searchType":null}},"selected":false},{"code":"FAIRTRADE_FACET","name":"Fairtrade","count":1,"query":{"url":"frukt-och-gront?q=%3AtopRated%3AproductLabelTypes%3AFAIRTRADE_FACET","query":{"value":":topRated:productLabelTypes:FAIRTRADE_FACET","filterQueries":[],"searchQueryContext":null,"searchType":null}},"selected":false},{"code":"ENVIRONMENTAL_FACET","name":"Miljömärkt","count":2,"query":{"url":"frukt-och-gront?q=%3AtopRated%3AproductLabelTypes%3AENVIRONMENTAL_FACET","query":{"value":":topRated:productLabelTypes:ENVIRONMENTAL_FACET","filterQueries":[],"searchQueryContext":null,"searchType":null}},"selected":false},{"code":"KEYHOLE","name":"Nyckelhålet","count":197,"query":{"url":"frukt-och-gront?q=%3AtopRated%3AproductLabelTypes%3AKEYHOLE","query":{"value":":topRated:productLabelTypes:KEYHOLE","filterQueries":[],"searchQueryContext":null,"searchType":null}},"selected":false},{"code":"SWEDISH_FLAG","name":"Svenskt","count":73,"query":{"url":"frukt-och-gront?q=%3AtopRated%3AproductLabelTypes%3ASWEDISH_FLAG","query":{"value":":topRated:productLabelTypes:SWEDISH_FLAG","filterQueries":[],"searchQueryContext":null,"searchType":null}},"selected":false}]}],"freeTextSearch":"","categoryCode":null,"keywordRedirectUrl":null,"spellingSuggestion":null,"categoryName":null,"customSuggestion":null,"categoryBreadcrumbs":{"url":"frukt-och-gront","name":"Frukt & Grönt","linkClass":null,"categoryCode":"N05"},"navigationCategories":null,"usedQuery":null,"subCategories":[{"code":"N0501","name":"Frukt","url":"frukt-och-gront/frukt","description":null,"image":null,"parentCategoryName":"Frukt & Grönt","sequence":0,"seoTitle":null,"seoDescription":null},{"code":"N0502","name":"Färska bär","url":"frukt-och-gront/farska-bar","description":null,"image":null,"parentCategoryName":"Frukt & Grönt","sequence":0,"seoTitle":null,"seoDescription":null},{"code":"N0503","name":"Grönsaker","url":"frukt-och-gront/gronsaker","description":null,"image":null,"parentCategoryName":"Frukt & Grönt","sequence":0,"seoTitle":null,"seoDescription":null},{"code":"N0504","name":"Potatis & rotsaker","url":"frukt-och-gront/potatis-och-rotsaker","description":null,"image":null,"parentCategoryName":"Frukt & Grönt","sequence":0,"seoTitle":null,"seoDescription":null},{"code":"N0505","name":"Svamp","url":"frukt-och-gront/svamp","description":null,"image":null,"parentCategoryName":"Frukt & Grönt","sequence":0,"seoTitle":null,"seoDescription":null},{"code":"N0506","name":"Kryddor & smaksättare","url":"frukt-och-gront/kryddor-och-smaksattare","description":null,"image":null,"parentCategoryName":"Frukt & Grönt","sequence":0,"seoTitle":null,"seoDescription":null}],"categoryInfo":{"code":"N05","name":"Frukt & Grönt","url":"frukt-och-gront","description":null,"image":null,"parentCategoryName":null,"sequence":0,"seoTitle":null,"seoDescription":null},"superCategories":[{"code":"N00","name":"Alla varor","url":"/alla-varor/c/","description":null,"image":null,"parentCategoryName":null,"sequence":0,"seoTitle":null,"seoDescription":null}],"restrictedProductTypes":""}
---
{"results":[{"potentialPromotions":[],"inactivePotentialPromotions":[],"priceValue":31.9,"price":"31,90 kr","image":{"imageType":"PRIMARY","format":"product","url":"https://assets.axfood.se/image/upload/f_auto,t_200/07311042001676_C1N0_s01","altText":null,"galleryIndex":null,"width":null},"ranking":0.0,"depositPrice":"","averageWeight":null,"comparePrice":"177,22 kr","comparePriceUnit":"kg","isDrugProduct":false,"solrSearchScore":1.0,"energyDeclaration":null,"newsSplashProduct":false,"notAllowedB2b":false,"notAllowedAnonymous":false,"productLine2":"180g","pickupProductLine2":"180g","priceUnit":"kr/st","priceNoUnit":"31,90","savingsAmount":null,"googleAnalyticsCategory":"","gdprTrackingIncompliant":false,"nicotineMedicalProduct":false,"tobaccoFreeNicotineProduct":false,"nonEkoProduct":false,"precautionaryStatements":[],"hazards":[],"tobaccoProduct":false,"showGoodPriceIcon":false,"labels":["ecological","eu_ecological","keyhole"],"seoDescription":"","seoTitle":"","manufacturer":null,"incrementValue":1.0,"productBasketType":{"code":"ST","type":"ProductBasketTypeEnum"},"bargainProduct":false,"addToCartMessage":"","thumbnail":{"imageType":"PRIMARY","format":"thumbnail","url":"https://assets.axfood.se/image/upload/f_auto,t_100/07311042001676_C1N0_s01","altText":null,"galleryIndex":null,"width":null},"outOfStock":false,"online":true,"displayVolume":"180g","addToCartDisabled":false,"name":"Paprika Röd Ramiro Eko Klass 1","code":"101223927_ST"},{"potentialPromotions":[],"inactivePotentialPromotions":[],"priceValue":45.9,"price":"45,90 kr","image":{"imageType":"PRIMARY","format":"product","url":"https://assets.axfood.se/image/upload/f_auto,t_200/07311042000259_C1R1_s01","altText":null,"galleryIndex":null,"width":null},"ranking":0.0,"depositPrice":"","averageWeight":null,"comparePrice":"45,90 kr","comparePriceUnit":"kg","isDrugProduct":false,"solrSearchScore":1.0,"energyDeclaration":null,"newsSplashProduct":false,"notAllowedB2b":false,"notAllowedAnonymous":false,"productLine2":"1kg","pickupProductLine2":"1kg","priceUnit":"kr/st","priceNoUnit":"45,90","savingsAmount":null,"googleAnalyticsCategory":"","gdprTrackingIncompliant":false,"nicotineMedicalProduct":false,"tobaccoFreeNicotineProduct":false,"nonEkoProduct":false,"precautionaryStatements":[],"hazards":[],"tobaccoProduct":false,"showGoodPriceIcon":false,"labels":["keyhole"],"seoDescription":"","seoTitle":"","manufacturer":null,"incrementValue":1.0,"productBasketType":{"code":"ST","type":"ProductBasketTypeEnum"},"bargainProduct":false,"addToCartMessage":"","thumbnail":{"imageType":"PRIMARY","format":"thumbnail","url":"https://assets.axfood.se/image/upload/f_auto,t_100/07311042000259_C1R1_s01","altText":null,"galleryIndex":null,"width":null},"outOfStock":false,"online":true,"displayVolume":"1kg","addToCartDisabled":false,"name":"Persikor i Korg Klass 1","code":"100905763_ST"},{"potentialPromotions":[],"inactivePotentialPromotions":[],"priceValue":35.9,"price":"35,90 kr","image":{"imageType":"PRIMARY","format":"product","url":"https://assets.axfood.se/image/upload/f_auto,t_200/07311041052105_C1N1_s01","altText":null,"galleryIndex":null,"width":null},"ranking":0.0,"depositPrice":"","averageWeight":null,"comparePrice":"119,67 kr","comparePriceUnit":"kg","isDrugProduct":false,"solrSearchScore":1.0,"energyDeclaration":null,"newsSplashProduct":false,"notAllowedB2b":false,"notAllowedAnonymous":false,"productLine2":"300g","pickupProductLine2":"300g","priceUnit":"kr/st","priceNoUnit":"35,90","savingsAmount":null,"googleAnalyticsCategory":"","gdprTrackingIncompliant":false,"nicotineMedicalProduct":false,"tobaccoFreeNicotineProduct":false,"nonEkoProduct":false,"precautionaryStatements":[],"hazards":[],"tobaccoProduct":false,"showGoodPriceIcon":false,"labels":["ecological","eu_ecological","keyhole"],"seoDescription":"","seoTitle":"","manufacturer":null,"incrementValue":1.0,"productBasketType":{"code":"ST","type":"ProductBasketTypeEnum"},"bargainProduct":false,"addToCartMessage":"","thumbnail":{"imageType":"PRIMARY","format":"thumbnail","url":"https://assets.axfood.se/image/upload/f_auto,t_100/07311041052105_C1N1_s01","altText":null,"galleryIndex":null,"width":null},"outOfStock":false,"online":true,"displayVolume":"300g","addToCartDisabled":false,"name":"Avokado 2-pack Eko Klass 1","code":"101064376_ST"},{"potentialPromotions":[],"inactivePotentialPromotions":[],"priceValue":24.9,"price":"24,90 kr","image":{"imageType":"PRIMARY","format":"product","url":"https://assets.axfood.se/image/upload/f_auto,t_200/07311042001461_C1L1_s02","altText":null,"galleryIndex":null,"width":null},"ranking":0.0,"depositPrice":"","averageWeight":null,"comparePrice":"55,33 kr","comparePriceUnit":"kg","isDrugProduct":false,"solrSearchScore":1.0,"energyDeclaration":null,"newsSplashProduct":false,"notAllowedB2b":false,"notAllowedAnonymous":false,"productLine2":"GARANT, 450g","pickupProductLine2":"GARANT, 450g","priceUnit":"kr/st","priceNoUnit":"24,90","savingsAmount":null,"googleAnalyticsCategory":"","gdprTrackingIncompliant":false,"nicotineMedicalProduct":false,"tobaccoFreeNicotineProduct":false,"nonEkoProduct":false,"precautionaryStatements":[],"hazards":[],"tobaccoProduct":false,"showGoodPriceIcon":false,"labels":["keyhole"],"seoDescription":"","seoTitle":"","manufacturer":"Garant","incrementValue":1.0,"productBasketType":{"code":"ST","type":"ProductBasketTypeEnum"},"bargainProduct":false,"addToCartMessage":"","thumbnail":{"imageType":"PRIMARY","format":"thumbnail","url":"https://assets.axfood.se/image/upload/f_auto,t_100/07311042001461_C1L1_s02","altText":null,"galleryIndex":null,"width":null},"outOfStock":false,"online":true,"displayVolume":"450g","addToCartDisabled":false,"name":"Majs Förkokt","code":"101174339_ST"},{"potentialPromotions":[],"inactivePotentialPromotions":[],"priceValue":39.9,"price":"39,90 kr","image":{"imageType":"PRIMARY","format":"product","url":"https://assets.axfood.se/image/upload/f_auto,t_200/07311042005766_C1L1_s02","altText":null,"galleryIndex":null,"width":null},"ranking":0.0,"depositPrice":"","averageWeight":null,"comparePrice":"79,80 kr","comparePriceUnit":"kg","isDrugProduct":false,"solrSearchScore":1.0,"energyDeclaration":null,"newsSplashProduct":false,"notAllowedB2b":false,"notAllowedAnonymous":false,"productLine2":"ca500g","pickupProductLine2":"ca500g","priceUnit":"kr/st","priceNoUnit":"39,90","savingsAmount":null,"googleAnalyticsCategory":"","gdprTrackingIncompliant":false,"nicotineMedicalProduct":false,"tobaccoFreeNicotineProduct":false,"nonEkoProduct":false,"precautionaryStatements":[],"hazards":[],"tobaccoProduct":false,"showGoodPriceIcon":false,"labels":["keyhole"],"seoDescription":"","seoTitle":"","manufacturer":null,"incrementValue":1.0,"productBasketType":{"code":"ST","type":"ProductBasketTypeEnum"},"bargainProduct":false,"addToCartMessage":"","thumbnail":{"imageType":"PRIMARY","format":"thumbnail","url":"https://assets.axfood.se/image/upload/f_auto,t_100/07311042005766_C1L1_s02","altText":null,"galleryIndex":null,"width":null},"outOfStock":false,"online":true,"displayVolume":"ca500g","addToCartDisabled":false,"name":"Plommon Röda Klass 1","code":"101178319_ST"},{"potentialPromotions":[],"inactivePotentialPromotions":[],"priceValue":24.9,"price":"24,90 kr","image":{"imageType":"PRIMARY","format":"product","url":"https://assets.axfood.se/image/upload/f_auto,t_200/07311042007869_C1N1_s01","altText":null,"galleryIndex":null,"width":null},"ranking":0.0,"depositPrice":"","averageWeight":null,"comparePrice":"166,00 kr","comparePriceUnit":"kg","isDrugProduct":false,"solrSearchScore":1.0,"energyDeclaration":null,"newsSplashProduct":false,"notAllowedB2b":false,"notAllowedAnonymous":false,"productLine2":"150g","pickupProductLine2":"150g","priceUnit":"kr/st","priceNoUnit":"24,90","savingsAmount":null,"googleAnalyticsCategory":"","gdprTrackingIncompliant":false,"nicotineMedicalProduct":false,"tobaccoFreeNicotineProduct":false,"nonEkoProduct":false,"precautionaryStatements":[],"hazards":[],"tobaccoProduct":false,"showGoodPriceIcon":false,"labels":["keyhole"],"seoDescription":"","seoTitle":"","manufacturer":null,"incrementValue":1.0,"productBasketType":{"code":"ST","type":"ProductBasketTypeEnum"},"bargainProduct":false,"addToCartMessage":"","thumbnail":{"imageType":"PRIMARY","format":"thumbnail","url":"https://assets.axfood.se/image/upload/f_auto,t_100/07311042007869_C1N1_s01","altText":null,"galleryIndex":null,"width":null},"outOfStock":false,"online":true,"displayVolume":"150g","addToCartDisabled":false,"name":"Haricots Verts Klass 1","code":"101285398_ST"},{"potentialPromotions":[],"inactivePotentialPromotions":[],"priceValue":27.9,"price":"27,90 kr","image":{"imageType":"PRIMARY","format":"product","url":"https://assets.axfood.se/image/upload/f_auto,t_200/07311042007845_C1N1_s01","altText":null,"galleryIndex":null,"width":null},"ranking":0.0,"depositPrice":"","averageWeight":null,"comparePrice":"186,00 kr","comparePriceUnit":"kg","isDrugProduct":false,"solrSearchScore":1.0,"energyDeclaration":null,"newsSplashProduct":false,"notAllowedB2b":false,"notAllowedAnonymous":false,"productLine2":"150g","pickupProductLine2":"150g","priceUnit":"kr/st","priceNoUnit":"27,90","savingsAmount":null,"googleAnalyticsCategory":"","gdprTrackingIncompliant":false,"nicotineMedicalProduct":false,"tobaccoFreeNicotineProduct":false,"nonEkoProduct":false,"precautionaryStatements":[],"hazards":[],"tobaccoProduct":false,"showGoodPriceIcon":false,"labels":["keyhole"],"seoDescription":"","seoTitle":"","manufacturer":null,"incrementValue":1.0,"productBasketType":{"code":"ST","type":"ProductBasketTypeEnum"},"bargainProduct":false,"addToCartMessage":"","thumbnail":{"imageType":"PRIMARY","format":"thumbnail","url":"https://assets.axfood.se/image/upload/f_auto,t_100/07311042007845_C1N1_s01","altText":null,"galleryIndex":null,"width":null},"outOfStock":false,"online":true,"displayVolume":"150g","addToCartDisabled":false,"name":"Sockerärtor Klass 1","code":"101285386_ST"},{"potentialPromotions":[],"inactivePotentialPromotions":[],"priceValue":37.9,"price":"37,90 kr","image":{"imageType":"PRIMARY","format":"product","url":"https://assets.axfood.se/image/upload/f_auto,t_200/07311042002680_C1N0_s01","altText":null,"galleryIndex":null,"width":null},"ranking":0.0,"depositPrice":"","averageWeight":null,"comparePrice":"151,60 kr","comparePriceUnit":"kg","isDrugProduct":false,"solrSearchScore":1.0,"energyDeclaration":null,"newsSplashProduct":false,"notAllowedB2b":false,"notAllowedAnonymous":false,"productLine2":"250g","pickupProductLine2":"250g","priceUnit":"kr/st","priceNoUnit":"37,90","savingsAmount":null,"googleAnalyticsCategory":"","gdprTrackingIncompliant":false,"nicotineMedicalProduct":false,"tobaccoFreeNicotineProduct":false,"nonEkoProduct":false,"precautionaryStatements":[],"hazards":[],"tobaccoProduct":false,"showGoodPriceIcon":false,"labels":["keyhole"],"seoDescription":"","seoTitle":"","manufacturer":null,"incrementValue":1.0,"productBasketType":{"code":"ST","type":"ProductBasketTypeEnum"},"bargainProduct":false,"addToCartMessage":"","thumbnail":{"imageType":"PRIMARY","format":"thumbnail","url":"https://assets.axfood.se/image/upload/f_auto,t_100/07311042002680_C1N0_s01","altText":null,"galleryIndex":null,"width":null},"outOfStock":false,"online":true,"displayVolume":"250g","addToCartDisabled":false,"name":"Sparris Grön Klass 1","code":"100771309_ST"},{"potentialPromotions":[],"inactivePotentialPromotions":[],"priceValue":27.9,"price":"27,90 kr","image":{"imageType":"PRIMARY","format":"product","url":"https://assets.axfood.se/image/upload/f_auto,t_200/07311042007852_C1N1_s01","altText":null,"galleryIndex":null,"width":null},"ranking":0.0,"depositPrice":"","averageWeight":null,"comparePrice":"186,00 kr","comparePriceUnit":"kg","isDrugProduct":false,"solrSearchScore":1.0,"energyDeclaration":null,"newsSplashProduct":false,"notAllowedB2b":false,"notAllowedAnonymous":false,"productLine2":"150g","pickupProductLine2":"150g","priceUnit":"kr/st","priceNoUnit":"27,90","savingsAmount":null,"googleAnalyticsCategory":"","gdprTrackingIncompliant":false,"nicotineMedicalProduct":false,"tobaccoFreeNicotineProduct":false,"nonEkoProduct":false,"precautionaryStatements":[],"hazards":[],"tobaccoProduct":false,"showGoodPriceIcon":false,"labels":["keyhole"],"seoDescription":"","seoTitle":"","manufacturer":null,"incrementValue":1.0,"productBasketType":{"code":"ST","type":"ProductBasketTypeEnum"},"bargainProduct":false,"addToCartMessage":"","thumbnail":{"imageType":"PRIMARY","format":"thumbnail","url":"https://assets.axfood.se/image/upload/f_auto,t_100/07311042007852_C1N1_s01","altText":null,"galleryIndex":null,"width":null},"outOfStock":false,"online":true,"displayVolume":"150g","addToCartDisabled":false,"name":"Sugarsnaps Klass 1","code":"101285387_ST"},{"potentialPromotions":[],"inactivePotentialPromotions":[],"priceValue":24.9,"price":"24,90 kr","image":{"imageType":"PRIMARY","format":"product","url":"https://assets.axfood.se/image/upload/f_auto,t_200/07311042002086_C1N1_s01","altText":null,"galleryIndex":null,"width":null},"ranking":0.0,"depositPrice":"","averageWeight":null,"comparePrice":"124,50 kr","comparePriceUnit":"kg","isDrugProduct":false,"solrSearchScore":1.0,"energyDeclaration":null,"newsSplashProduct":false,"notAllowedB2b":false,"notAllowedAnonymous":false,"productLine2":"200g","pickupProductLine2":"200g","priceUnit":"kr/st","priceNoUnit":"24,90","savingsAmount":null,"googleAnalyticsCategory":"","gdprTrackingIncompliant":false,"nicotineMedicalProduct":false,"tobaccoFreeNicotineProduct":false,"nonEkoProduct":false,"precautionaryStatements":[],"hazards":[],"tobaccoProduct":false,"showGoodPriceIcon":false,"labels":["keyhole"],"seoDescription":"","seoTitle":"","manufacturer":null,"incrementValue":1.0,"productBasketType":{"code":"ST","type":"ProductBasketTypeEnum"},"bargainProduct":false,"addToCartMessage":"","thumbnail":{"imageType":"PRIMARY","format":"thumbnail","url":"https://assets.axfood.se/image/upload/f_auto,t_100/07311042002086_C1N1_s01","altText":null,"galleryIndex":null,"width":null},"outOfStock":false,"online":true,"displayVolume":"200g","addToCartDisabled":false,"name":"Champinjoner Baby Klass 1","code":"101238494_ST"},{"potentialPromotions":[],"inactivePotentialPromotions":[],"priceValue":22.9,"price":"22,90 kr","image":{"imageType":"PRIMARY","format":"product","url":"https://assets.axfood.se/image/upload/f_auto,t_200/07311042001157_C1N1_s01","altText":null,"galleryIndex":null,"width":null},"ranking":0.0,"depositPrice":"","averageWeight":null,"comparePrice":"114,50 kr","comparePriceUnit":"kg","isDrugProduct":false,"solrSearchScore":1.0,"energyDeclaration":null,"newsSplashProduct":false,"notAllowedB2b":false,"notAllowedAnonymous":false,"productLine2":"200g","pickupProductLine2":"200g","priceUnit":"kr/st","priceNoUnit":"22,90","savingsAmount":null,"googleAnalyticsCategory":"","gdprTrackingIncompliant":false,"nicotineMedicalProduct":false,"tobaccoFreeNicotineProduct":false,"nonEkoProduct":false,"precautionaryStatements":[],"hazards":[],"tobaccoProduct":false,"showGoodPriceIcon":false,"labels":["keyhole"],"seoDescription":"","seoTitle":"","manufacturer":null,"incrementValue":1.0,"productBasketType":{"code":"ST","type":"ProductBasketTypeEnum"},"bargainProduct":false,"addToCartMessage":"","thumbnail":{"imageType":"PRIMARY","format":"thumbnail","url":"https://assets.axfood.se/image/upload/f_auto,t_100/07311042001157_C1N1_s01","altText":null,"galleryIndex":null,"width":null},"outOfStock":false,"online":true,"displayVolume":"200g","addToCartDisabled":false,"name":"Grönkål","code":"101234978_ST"},{"potentialPromotions":[],"inactivePotentialPromotions":[],"priceValue":36.9,"price":"36,90 kr","image":{"imageType":"PRIMARY","format":"product","url":"https://assets.axfood.se/image/upload/f_auto,t_200/07311042000150_C1L1_s01","altText":null,"galleryIndex":null,"width":null},"ranking":0.0,"depositPrice":"","averageWeight":null,"comparePrice":"73,80 kr","comparePriceUnit":"kg","isDrugProduct":false,"solrSearchScore":1.0,"energyDeclaration":null,"newsSplashProduct":false,"notAllowedB2b":false,"notAllowedAnonymous":false,"productLine2":"500g","pickupProductLine2":"500g","priceUnit":"kr/st","priceNoUnit":"36,90","savingsAmount":null,"googleAnalyticsCategory":"","gdprTrackingIncompliant":false,"nicotineMedicalProduct":false,"tobaccoFreeNicotineProduct":false,"nonEkoProduct":false,"precautionaryStatements":[],"hazards":[],"tobaccoProduct":false,"showGoodPriceIcon":false,"labels":["keyhole"],"seoDescription":"","seoTitle":"","manufacturer":null,"incrementValue":1.0,"productBasketType":{"code":"ST","type":"ProductBasketTypeEnum"},"bargainProduct":false,"addToCartMessage":"","thumbnail":{"imageType":"PRIMARY","format":"thumbnail","url":"https://assets.axfood.se/image/upload/f_auto,t_100/07311042000150_C1L1_s01","altText":null,"galleryIndex":null,"width":null},"outOfStock":false,"online":true,"displayVolume":"500g","addToCartDisabled":false,"name":"Druvor Gröna Klass 1","code":"100358578_ST"},{"potentialPromotions":[],"inactivePotentialPromotions":[],"priceValue":18.9,"price":"18,90 kr","image":{"imageType":"PRIMARY","format":"product","url":"https://assets.axfood.se/image/upload/f_auto,t_200/07311042001416_C1L1_s01","altText":null,"galleryIndex":null,"width":null},"ranking":0.0,"depositPrice":"","averageWeight":null,"comparePrice":"75,60 kr","comparePriceUnit":"kg","isDrugProduct":false,"solrSearchScore":1.0,"energyDeclaration":null,"newsSplashProduct":false,"notAllowedB2b":false,"notAllowedAnonymous":false,"productLine2":"250g","pickupProductLine2":"250g","priceUnit":"kr/st","priceNoUnit":"18,90","savingsAmount":null,"googleAnalyticsCategory":"","gdprTrackingIncompliant":false,"nicotineMedicalProduct":false,"tobaccoFreeNicotineProduct":false,"nonEkoProduct":false,"precautionaryStatements":[],"hazards":[],"tobaccoProduct":false,"showGoodPriceIcon":false,"labels":["keyhole"],"seoDescription":"","seoTitle":"","manufacturer":null,"incrementValue":1.0,"productBasketType":{"code":"ST","type":"ProductBasketTypeEnum"},"bargainProduct":false,"addToCartMessage":"","thumbnail":{"imageType":"PRIMARY","format":"thumbnail","url":"https://assets.axfood.se/image/upload/f_auto,t_100/07311042001416_C1L1_s01","altText":null,"galleryIndex":null,"width":null},"outOfStock":false,"online":true,"displayVolume":"250g","addToCartDisabled":false,"name":"Lök Schalotten Klass 1","code":"100761677_ST"},{"potentialPromotions":[],"inactivePotentialPromotions":[],"priceValue":12.9,"price":"12,90 kr","image":{"imageType":"PRIMARY","format":"product","url":"https://assets.axfood.se/image/upload/f_auto,t_200/07311042001324_C1L1_s01","altText":null,"galleryIndex":null,"width":null},"ranking":0.0,"depositPrice":"","averageWeight":null,"comparePrice":"129,00 kr","comparePriceUnit":"kg","isDrugProduct":false,"solrSearchScore":1.0,"energyDeclaration":null,"newsSplashProduct":false,"notAllowedB2b":false,"notAllowedAnonymous":false,"productLine2":"100g","pickupProductLine2":"100g","priceUnit":"kr/st","priceNoUnit":"12,90","savingsAmount":null,"googleAnalyticsCategory":"","gdprTrackingIncompliant":false,"nicotineMedicalProduct":false,"tobaccoFreeNicotineProduct":false,"nonEkoProduct":false,"precautionaryStatements":[],"hazards":[],"tobaccoProduct":false,"showGoodPriceIcon":false,"labels":["keyhole"],"seoDescription":"","seoTitle":"","manufacturer":null,"incrementValue":1.0,"productBasketType":{"code":"ST","type":"ProductBasketTypeEnum"},"bargainProduct":false,"addToCartMessage":"","thumbnail":{"imageType":"PRIMARY","format":"thumbnail","url":"https://assets.axfood.se/image/upload/f_auto,t_100/07311042001324_C1L1_s01","altText":null,"galleryIndex":null,"width":null},"outOfStock":false,"online":true,"displayVolume":"100g","addToCartDisabled":false,"name":"Vitlök Kapsel Klass 1","code":"100764898_ST"},{"potentialPromotions":[],"inactivePotentialPromotions":[],"priceValue":31.9,"price":"31,90 kr","image":{"imageType":"PRIMARY","format":"product","url":"https://assets.axfood.se/image/upload/f_auto,t_200/07311042005926_C1L1_s01","altText":null,"galleryIndex":null,"width":null},"ranking":0.0,"depositPrice":"","averageWeight":null,"comparePrice":"63,80 kr","comparePriceUnit":"kg","isDrugProduct":false,"solrSearchScore":1.0,"energyDeclaration":null,"newsSplashProduct":false,"notAllowedB2b":false,"notAllowedAnonymous":false,"productLine2":"500g","pickupProductLine2":"500g","priceUnit":"kr/st","priceNoUnit":"31,90","savingsAmount":null,"googleAnalyticsCategory":"","gdprTrackingIncompliant":false,"nicotineMedicalProduct":false,"tobaccoFreeNicotineProduct":false,"nonEkoProduct":false,"precautionaryStatements":[],"hazards":[],"tobaccoProduct":false,"showGoodPriceIcon":false,"labels":["keyhole"],"seoDescription":"","seoTitle":"","manufacturer":null,"incrementValue":1.0,"productBasketType":{"code":"ST","type":"ProductBasketTypeEnum"},"bargainProduct":false,"addToCartMessage":"","thumbnail":{"imageType":"PRIMARY","format":"thumbnail","url":"https://assets.axfood.se/image/upload/f_auto,t_100/07311042005926_C1L1_s01","altText":null,"galleryIndex":null,"width":null},"outOfStock":false,"online":true,"displayVolume":"500g","addToCartDisabled":false,"name":"Persikor Paraguayos Klass 1","code":"101160342_ST"},{"potentialPromotions":[],"inactivePotentialPromotions":[],"priceValue":45.9,"price":"45,90 kr","image":{"imageType":"PRIMARY","format":"product","url":"https://assets.axfood.se/image/upload/f_auto,t_200/07311041049983_C1C1_s01","altText":null,"galleryIndex":null,"width":null},"ranking":0.0,"depositPrice":"","averageWeight":null,"comparePrice":"153,00 kr","comparePriceUnit":"kg","isDrugProduct":false,"solrSearchScore":1.0,"energyDeclaration":null,"newsSplashProduct":false,"notAllowedB2b":false,"notAllowedAnonymous":false,"productLine2":"GARANT EKO, 300g","pickupProductLine2":"GARANT EKO, 300g","priceUnit":"kr/st","priceNoUnit":"45,90","savingsAmount":null,"googleAnalyticsCategory":"","gdprTrackingIncompliant":false,"nicotineMedicalProduct":false,"tobaccoFreeNicotineProduct":false,"nonEkoProduct":false,"precautionaryStatements":[],"hazards":[],"tobaccoProduct":false,"showGoodPriceIcon":false,"labels":["ecological","eu_ecological","keyhole"],"seoDescription":"","seoTitle":"","manufacturer":"Garant Eko","incrementValue":1.0,"productBasketType":{"code":"ST","type":"ProductBasketTypeEnum"},"bargainProduct":false,"addToCartMessage":"","thumbnail":{"imageType":"PRIMARY","format":"thumbnail","url":"https://assets.axfood.se/image/upload/f_auto,t_100/07311041049983_C1C1_s01","altText":null,"galleryIndex":null,"width":null},"outOfStock":false,"online":true,"displayVolume":"300g","addToCartDisabled":false,"name":"Paprika Mix Eko Klass 1","code":"100930290_ST"},{"potentialPromotions":[],"inactivePotentialPromotions":[],"priceValue":13.9,"price":"13,90 kr","image":{"imageType":"PRIMARY","format":"product","url":"https://assets.axfood.se/image/upload/f_auto,t_200/07311042015895_C1N1_s03","altText":null,"galleryIndex":null,"width":null},"ranking":0.0,"depositPrice":"","averageWeight":null,"comparePrice":"","comparePriceUnit":"","isDrugProduct":false,"solrSearchScore":1.0,"energyDeclaration":null,"newsSplashProduct":false,"notAllowedB2b":false,"notAllowedAnonymous":false,"productLine2":"GARANT, 20g","pickupProductLine2":"GARANT, 20g","priceUnit":"kr/st","priceNoUnit":"13,90","savingsAmount":null,"googleAnalyticsCategory":"","gdprTrackingIncompliant":false,"nicotineMedicalProduct":false,"tobaccoFreeNicotineProduct":false,"nonEkoProduct":false,"precautionaryStatements":[],"hazards":[],"tobaccoProduct":false,"showGoodPriceIcon":false,"labels":["swedish_flag"],"seoDescription":"","seoTitle":"","manufacturer":"Garant","incrementValue":1.0,"productBasketType":{"code":"ST","type":"ProductBasketTypeEnum"},"bargainProduct":false,"addToCartMessage":"","thumbnail":{"imageType":"PRIMARY","format":"thumbnail","url":"https://assets.axfood.se/image/upload/f_auto,t_100/07311042015895_C1N1_s03","altText":null,"galleryIndex":null,"width":null},"outOfStock":false,"online":true,"displayVolume":"20g","addToCartDisabled":false,"name":"Dill","code":"101599697_ST"},{"potentialPromotions":[],"inactivePotentialPromotions":[],"priceValue":19.9,"price":"19,90 kr","image":{"imageType":"PRIMARY","format":"product","url":"https://assets.axfood.se/image/upload/f_auto,t_200/07311042001386_C1L1_s01","altText":null,"galleryIndex":null,"width":null},"ranking":0.0,"depositPrice":"","averageWeight":null,"comparePrice":"79,60 kr","comparePriceUnit":"kg","isDrugProduct":false,"solrSearchScore":1.0,"energyDeclaration":null,"newsSplashProduct":false,"notAllowedB2b":false,"notAllowedAnonymous":false,"productLine2":"250g","pickupProductLine2":"250g","priceUnit":"kr/st","priceNoUnit":"19,90","savingsAmount":null,"googleAnalyticsCategory":"","gdprTrackingIncompliant":false,"nicotineMedicalProduct":false,"tobaccoFreeNicotineProduct":false,"nonEkoProduct":false,"precautionaryStatements":[],"hazards":[],"tobaccoProduct":false,"showGoodPriceIcon":false,"labels":["keyhole"],"seoDescription":"","seoTitle":"","manufacturer":null,"incrementValue":1.0,"productBasketType":{"code":"ST","type":"ProductBasketTypeEnum"},"bargainProduct":false,"addToCartMessage":"","thumbnail":{"imageType":"PRIMARY","format":"thumbnail","url":"https://assets.axfood.se/image/upload/f_auto,t_100/07311042001386_C1L1_s01","altText":null,"galleryIndex":null,"width":null},"outOfStock":false,"online":true,"displayVolume":"250g","addToCartDisabled":false,"name":"Lök Bananschalotten Klass 1","code":"100761695_ST"},{"potentialPromotions":[],"inactivePotentialPromotions":[],"priceValue":16.9,"price":"16,90 kr","image":{"imageType":"PRIMARY","format":"product","url":"https://assets.axfood.se/image/upload/f_auto,t_200/07311042002246_C1L1_s01","altText":null,"galleryIndex":null,"width":null},"ranking":0.0,"depositPrice":"","averageWeight":null,"comparePrice":"67,60 kr","comparePriceUnit":"kg","isDrugProduct":false,"solrSearchScore":1.0,"energyDeclaration":null,"newsSplashProduct":false,"notAllowedB2b":false,"notAllowedAnonymous":false,"productLine2":"250g","pickupProductLine2":"250g","priceUnit":"kr/st","priceNoUnit":"16,90","savingsAmount":null,"googleAnalyticsCategory":"","gdprTrackingIncompliant":false,"nicotineMedicalProduct":false,"tobaccoFreeNicotineProduct":false,"nonEkoProduct":false,"precautionaryStatements":[],"hazards":[],"tobaccoProduct":false,"showGoodPriceIcon":false,"labels":["keyhole"],"seoDescription":"","seoTitle":"","manufacturer":null,"incrementValue":1.0,"productBasketType":{"code":"ST","type":"ProductBasketTypeEnum"},"bargainProduct":false,"addToCartMessage":"","thumbnail":{"imageType":"PRIMARY","format":"thumbnail","url":"https://assets.axfood.se/image/upload/f_auto,t_100/07311042002246_C1L1_s01","altText":null,"galleryIndex":null,"width":null},"outOfStock":false,"online":true,"displayVolume":"250g","addToCartDisabled":false,"name":"Tomater Cocktail Klass 1","code":"100814709_ST"},{"potentialPromotions":[],"inactivePotentialPromotions":[],"priceValue":74.9,"price":"74,90 kr","image":{"imageType":"PRIMARY","format":"product","url":"https://assets.axfood.se/image/upload/f_auto,t_200/07311042012085_C1L1_s01","altText":null,"galleryIndex":null,"width":null},"ranking":0.0,"depositPrice":"","averageWeight":null,"comparePrice":"187,25 kr","comparePriceUnit":"kg","isDrugProduct":false,"solrSearchScore":1.0,"energyDeclaration":null,"newsSplashProduct":false,"notAllowedB2b":false,"notAllowedAnonymous":false,"productLine2":"400g","pickupProductLine2":"400g","priceUnit":"kr/st","priceNoUnit":"74,90","savingsAmount":null,"googleAnalyticsCategory":"","gdprTrackingIncompliant":false,"nicotineMedicalProduct":false,"tobaccoFreeNicotineProduct":false,"nonEkoProduct":false,"precautionaryStatements":[],"hazards":[],"tobaccoProduct":false,"showGoodPriceIcon":false,"labels":["swedish_flag","keyhole"],"seoDescription":"","seoTitle":"","manufacturer":null,"incrementValue":1.0,"productBasketType":{"code":"ST","type":"ProductBasketTypeEnum"},"bargainProduct":false,"addToCartMessage":"","thumbnail":{"imageType":"PRIMARY","format":"thumbnail","url":"https://assets.axfood.se/image/upload/f_auto,t_100/07311042012085_C1L1_s01","altText":null,"galleryIndex":null,"width":null},"outOfStock":true,"online":true,"displayVolume":"400g","addToCartDisabled":false,"name":"Jordgubbar Svenska","code":"101418048_ST"},{"potentialPromotions":[],"inactivePotentialPromotions":[],"priceValue":32.9,"price":"32,90 kr","image":{"imageType":"PRIMARY","format":"product","url":"https://assets.axfood.se/image/upload/f_auto,t_200/07311042000679_C1N1_s01","altText":null,"galleryIndex":null,"width":null},"ranking":0.0,"depositPrice":"","averageWeight":null,"comparePrice":"47,00 kr","comparePriceUnit":"kg","isDrugProduct":false,"solrSearchScore":1.0,"energyDeclaration":null,"newsSplashProduct":false,"notAllowedB2b":false,"notAllowedAnonymous":false,"productLine2":"700g","pickupProductLine2":"700g","priceUnit":"kr/st","priceNoUnit":"32,90","savingsAmount":null,"googleAnalyticsCategory":"","gdprTrackingIncompliant":false,"nicotineMedicalProduct":false,"tobaccoFreeNicotineProduct":false,"nonEkoProduct":false,"precautionaryStatements":[],"hazards":[],"tobaccoProduct":false,"showGoodPriceIcon":false,"labels":["keyhole"],"seoDescription":"","seoTitle":"","manufacturer":null,"incrementValue":1.0,"productBasketType":{"code":"ST","type":"ProductBasketTypeEnum"},"bargainProduct":false,"addToCartMessage":"","thumbnail":{"imageType":"PRIMARY","format":"thumbnail","url":"https://assets.axfood.se/image/upload/f_auto,t_100/07311042000679_C1N1_s01","altText":null,"galleryIndex":null,"width":null},"outOfStock":false,"online":true,"displayVolume":"700g","addToCartDisabled":false,"name":"Avokado Klass 1","code":"100960346_ST"},{"potentialPromotions":[],"inactivePotentialPromotions":[],"priceValue":19.9,"price":"19,90 kr","image":{"imageType":"PRIMARY","format":"product","url":"https://assets.axfood.se/image/upload/f_auto,t_200/07311042002581_C1N1_s01","altText":null,"galleryIndex":null,"width":null},"ranking":0.0,"depositPrice":"","averageWeight":null,"comparePrice":"79,60 kr","comparePriceUnit":"kg","isDrugProduct":false,"solrSearchScore":1.0,"energyDeclaration":null,"newsSplashProduct":false,"notAllowedB2b":false,"notAllowedAnonymous":false,"productLine2":"250g","pickupProductLine2":"250g","priceUnit":"kr/st","priceNoUnit":"19,90","savingsAmount":null,"googleAnalyticsCategory":"","gdprTrackingIncompliant":false,"nicotineMedicalProduct":false,"tobaccoFreeNicotineProduct":false,"nonEkoProduct":false,"precautionaryStatements":[],"hazards":[],"tobaccoProduct":false,"showGoodPriceIcon":false,"labels":["swedish_flag","keyhole"],"seoDescription":"","seoTitle":"","manufacturer":null,"incrementValue":1.0,"productBasketType":{"code":"ST","type":"ProductBasketTypeEnum"},"bargainProduct":false,"addToCartMessage":"","thumbnail":{"imageType":"PRIMARY","format":"thumbnail","url":"https://assets.axfood.se/image/upload/f_auto,t_100/07311042002581_C1N1_s01","altText":null,"galleryIndex":null,"width":null},"outOfStock":false,"online":true,"displayVolume":"250g","addToCartDisabled":false,"name":"Sallat Cosmopolitan Klass 1","code":"101178846_ST"},{"potentialPromotions":[],"inactivePotentialPromotions":[],"priceValue":22.9,"price":"22,90 kr","image":{"imageType":"PRIMARY","format":"product","url":"https://assets.axfood.se/image/upload/f_auto,t_200/07311042002567_C1L1_s01","altText":null,"galleryIndex":null,"width":null},"ranking":0.0,"depositPrice":"","averageWeight":null,"comparePrice":"229,00 kr","comparePriceUnit":"kg","isDrugProduct":false,"solrSearchScore":1.0,"energyDeclaration":null,"newsSplashProduct":false,"notAllowedB2b":false,"notAllowedAnonymous":false,"productLine2":"100g","pickupProductLine2":"100g","priceUnit":"kr/st","priceNoUnit":"22,90","savingsAmount":null,"googleAnalyticsCategory":"","gdprTrackingIncompliant":false,"nicotineMedicalProduct":false,"tobaccoFreeNicotineProduct":false,"nonEkoProduct":false,"precautionaryStatements":[],"hazards":[],"tobaccoProduct":false,"showGoodPriceIcon":false,"labels":["keyhole"],"seoDescription":"","seoTitle":"","manufacturer":null,"incrementValue":1.0,"productBasketType":{"code":"ST","type":"ProductBasketTypeEnum"},"bargainProduct":false,"addToCartMessage":"","thumbnail":{"imageType":"PRIMARY","format":"thumbnail","url":"https://assets.axfood.se/image/upload/f_auto,t_100/07311042002567_C1L1_s01","altText":null,"galleryIndex":null,"width":null},"outOfStock":false,"online":true,"displayVolume":"100g","addToCartDisabled":false,"name":"Physalis","code":"100764843_ST"},{"potentialPromotions":[],"inactivePotentialPromotions":[],"priceValue":39.9,"price":"39,90 kr","image":{"imageType":"PRIMARY","format":"product","url":"https://assets.axfood.se/image/upload/f_auto,t_200/07311042000167_C1L1_s01","altText":null,"galleryIndex":null,"width":null},"ranking":0.0,"depositPrice":"","averageWeight":null,"comparePrice":"79,80 kr","comparePriceUnit":"kg","isDrugProduct":false,"solrSearchScore":1.0,"energyDeclaration":null,"newsSplashProduct":false,"notAllowedB2b":false,"notAllowedAnonymous":false,"productLine2":"500g","pickupProductLine2":"500g","priceUnit":"kr/st","priceNoUnit":"39,90","savingsAmount":null,"googleAnalyticsCategory":"","gdprTrackingIncompliant":false,"nicotineMedicalProduct":false,"tobaccoFreeNicotineProduct":false,"nonEkoProduct":false,"precautionaryStatements":[],"hazards":[],"tobaccoProduct":false,"showGoodPriceIcon":false,"labels":["keyhole"],"seoDescription":"","seoTitle":"","manufacturer":null,"incrementValue":1.0,"productBasketType":{"code":"ST","type":"ProductBasketTypeEnum"},"bargainProduct":false,"addToCartMessage":"","thumbnail":{"imageType":"PRIMARY","format":"thumbnail","url":"https://assets.axfood.se/image/upload/f_auto,t_100/07311042000167_C1L1_s01","altText":null,"galleryIndex":null,"width":null},"outOfStock":false,"online":true,"displayVolume":"500g","addToCartDisabled":false,"name":"Druvor Röda Klass 1","code":"101249474_ST"},{"potentialPromotions":[],"inactivePotentialPromotions":[],"priceValue":17.9,"price":"17,90 kr","image":{"imageType":"PRIMARY","format":"product","url":"https://assets.axfood.se/image/upload/f_auto,t_200/07311042002079_C1N1_s01","altText":null,"galleryIndex":null,"width":null},"ranking":0.0,"depositPrice":"","averageWeight":null,"comparePrice":"71,60 kr","comparePriceUnit":"kg","isDrugProduct":false,"solrSearchScore":1.0,"energyDeclaration":null,"newsSplashProduct":false,"notAllowedB2b":false,"notAllowedAnonymous":false,"productLine2":"250g","pickupProductLine2":"250g","priceUnit":"kr/st","priceNoUnit":"17,90","savingsAmount":null,"googleAnalyticsCategory":"","gdprTrackingIncompliant":false,"nicotineMedicalProduct":false,"tobaccoFreeNicotineProduct":false,"nonEkoProduct":false,"precautionaryStatements":[],"hazards":[],"tobaccoProduct":false,"showGoodPriceIcon":false,"labels":["keyhole"],"seoDescription":"","seoTitle":"","manufacturer":null,"incrementValue":1.0,"productBasketType":{"code":"ST","type":"ProductBasketTypeEnum"},"bargainProduct":false,"addToCartMessage":"","thumbnail":{"imageType":"PRIMARY","format":"thumbnail","url":"https://assets.axfood.se/image/upload/f_auto,t_100/07311042002079_C1N1_s01","altText":null,"galleryIndex":null,"width":null},"outOfStock":false,"online":true,"displayVolume":"250g","addToCartDisabled":false,"name":"Champinjoner Klass 1","code":"101086165_ST"},{"potentialPromotions":[],"inactivePotentialPromotions":[],"priceValue":38.9,"price":"38,90 kr","image":{"imageType":"PRIMARY","format":"product","url":"https://assets.axfood.se/image/upload/f_auto,t_200/07311042002222_C1N1_s01","altText":null,"galleryIndex":null,"width":null},"ranking":0.0,"depositPrice":"","averageWeight":null,"comparePrice":"77,80 kr","comparePriceUnit":"kg","isDrugProduct":false,"solrSearchScore":1.0,"energyDeclaration":null,"newsSplashProduct":false,"notAllowedB2b":false,"notAllowedAnonymous":false,"productLine2":"GARANT EKO, 500g","pickupProductLine2":"GARANT EKO, 500g","priceUnit":"kr/st","priceNoUnit":"38,90","savingsAmount":null,"googleAnalyticsCategory":"","gdprTrackingIncompliant":false,"nicotineMedicalProduct":false,"tobaccoFreeNicotineProduct":false,"nonEkoProduct":false,"precautionaryStatements":[],"hazards":[],"tobaccoProduct":false,"showGoodPriceIcon":false,"labels":["ecological","eu_ecological","keyhole"],"seoDescription":"","seoTitle":"","manufacturer":"Garant Eko","incrementValue":1.0,"productBasketType":{"code":"ST","type":"ProductBasketTypeEnum"},"bargainProduct":false,"addToCartMessage":"","thumbnail":{"imageType":"PRIMARY","format":"thumbnail","url":"https://assets.axfood.se/image/upload/f_auto,t_100/07311042002222_C1N1_s01","altText":null,"galleryIndex":null,"width":null},"outOfStock":false,"online":true,"displayVolume":"500g","addToCartDisabled":false,"name":"Kvisttomater Eko Klass 1","code":"100991072_ST"},{"potentialPromotions":[],"inactivePotentialPromotions":[],"priceValue":28.9,"price":"28,90 kr","image":{"imageType":"PRIMARY","format":"product","url":"https://assets.axfood.se/image/upload/f_auto,t_200/07311042002284_C1N1_s01","altText":null,"galleryIndex":null,"width":null},"ranking":0.0,"depositPrice":"","averageWeight":null,"comparePrice":"57,80 kr","comparePriceUnit":"kg","isDrugProduct":false,"solrSearchScore":1.0,"energyDeclaration":null,"newsSplashProduct":false,"notAllowedB2b":false,"notAllowedAnonymous":false,"productLine2":"500g","pickupProductLine2":"500g","priceUnit":"kr/st","priceNoUnit":"28,90","savingsAmount":null,"googleAnalyticsCategory":"","gdprTrackingIncompliant":false,"nicotineMedicalProduct":false,"tobaccoFreeNicotineProduct":false,"nonEkoProduct":false,"precautionaryStatements":[],"hazards":[],"tobaccoProduct":false,"showGoodPriceIcon":false,"labels":["swedish_flag","keyhole"],"seoDescription":"","seoTitle":"","manufacturer":null,"incrementValue":1.0,"productBasketType":{"code":"ST","type":"ProductBasketTypeEnum"},"bargainProduct":false,"addToCartMessage":"","thumbnail":{"imageType":"PRIMARY","format":"thumbnail","url":"https://assets.axfood.se/image/upload/f_auto,t_100/07311042002284_C1N1_s01","altText":null,"galleryIndex":null,"width":null},"outOfStock":false,"online":true,"displayVolume":"500g","addToCartDisabled":false,"name":"Plommontomater Klass 1","code":"100819606_ST"},{"potentialPromotions":[],"inactivePotentialPromotions":[],"priceValue":45.9,"price":"45,90 kr","image":{"imageType":"PRIMARY","format":"product","url":"https://assets.axfood.se/image/upload/f_auto,t_200/07311042000242_C1L1_s02","altText":null,"galleryIndex":null,"width":null},"ranking":0.0,"depositPrice":"","averageWeight":null,"comparePrice":"45,90 kr","comparePriceUnit":"kg","isDrugProduct":false,"solrSearchScore":1.0,"energyDeclaration":null,"newsSplashProduct":false,"notAllowedB2b":false,"notAllowedAnonymous":false,"productLine2":"1kg","pickupProductLine2":"1kg","priceUnit":"kr/st","priceNoUnit":"45,90","savingsAmount":null,"googleAnalyticsCategory":"","gdprTrackingIncompliant":false,"nicotineMedicalProduct":false,"tobaccoFreeNicotineProduct":false,"nonEkoProduct":false,"precautionaryStatements":[],"hazards":[],"tobaccoProduct":false,"showGoodPriceIcon":false,"labels":["keyhole"],"seoDescription":"","seoTitle":"","manufacturer":null,"incrementValue":1.0,"productBasketType":{"code":"ST","type":"ProductBasketTypeEnum"},"bargainProduct":false,"addToCartMessage":"","thumbnail":{"imageType":"PRIMARY","format":"thumbnail","url":"https://assets.axfood.se/image/upload/f_auto,t_100/07311042000242_C1L1_s02","altText":null,"galleryIndex":null,"width":null},"outOfStock":false,"online":true,"displayVolume":"1kg","addToCartDisabled":false,"name":"Nektarin i Korg Klass 1","code":"100905754_ST"},{"potentialPromotions":[],"inactivePotentialPromotions":[],"priceValue":32.9,"price":"32,90 kr/kg","image":{"imageType":"PRIMARY","format":"product","url":"https://assets.axfood.se/image/upload/f_auto,t_200/07311042009924_C1C0_s01","altText":null,"galleryIndex":null,"width":null},"ranking":0.0,"depositPrice":"","averageWeight":0.8,"comparePrice":"32,90 kr","comparePriceUnit":"kg","isDrugProduct":false,"solrSearchScore":1.0,"energyDeclaration":null,"newsSplashProduct":false,"notAllowedB2b":false,"notAllowedAnonymous":false,"productLine2":"ca: 800g","pickupProductLine2":"ca: 800g","priceUnit":"kr/kg","priceNoUnit":"32,90","savingsAmount":null,"googleAnalyticsCategory":"","gdprTrackingIncompliant":false,"nicotineMedicalProduct":false,"tobaccoFreeNicotineProduct":false,"nonEkoProduct":false,"precautionaryStatements":[],"hazards":[],"tobaccoProduct":false,"showGoodPriceIcon":false,"labels":["swedish_flag","keyhole"],"seoDescription":"","seoTitle":"","manufacturer":null,"incrementValue":1.0,"productBasketType":{"code":"ST","type":"ProductBasketTypeEnum"},"bargainProduct":false,"addToCartMessage":"","thumbnail":{"imageType":"PRIMARY","format":"thumbnail","url":"https://assets.axfood.se/image/upload/f_auto,t_100/07311042009924_C1C0_s01","altText":null,"galleryIndex":null,"width":null},"outOfStock":false,"online":true,"displayVolume":"ca: 800g","addToCartDisabled":false,"name":"Blomkål Ofilmad Klass 1","code":"101286423_KG"},{"potentialPromotions":[],"inactivePotentialPromotions":[],"priceValue":21.9,"price":"21,90 kr","image":{"imageType":"PRIMARY","format":"product","url":"https://assets.axfood.se/image/upload/f_auto,t_200/07311042007142_C1C1_s01","altText":null,"galleryIndex":null,"width":null},"ranking":0.0,"depositPrice":"","averageWeight":null,"comparePrice":"97,33 kr","comparePriceUnit":"kg","isDrugProduct":false,"solrSearchScore":1.0,"energyDeclaration":null,"newsSplashProduct":false,"notAllowedB2b":false,"notAllowedAnonymous":false,"productLine2":"GARANT, 225g","pickupProductLine2":"GARANT, 225g","priceUnit":"kr/st","priceNoUnit":"21,90","savingsAmount":null,"googleAnalyticsCategory":"","gdprTrackingIncompliant":false,"nicotineMedicalProduct":false,"tobaccoFreeNicotineProduct":false,"nonEkoProduct":false,"precautionaryStatements":[],"hazards":[],"tobaccoProduct":false,"showGoodPriceIcon":false,"labels":["keyhole"],"seoDescription":"","seoTitle":"","manufacturer":"Garant","incrementValue":1.0,"productBasketType":{"code":"ST","type":"ProductBasketTypeEnum"},"bargainProduct":false,"addToCartMessage":"","thumbnail":{"imageType":"PRIMARY","format":"thumbnail","url":"https://assets.axfood.se/image/upload/f_auto,t_100/07311042007142_C1C1_s01","altText":null,"galleryIndex":null,"width":null},"outOfStock":false,"online":true,"displayVolume":"225g","addToCartDisabled":false,"name":"Isberg Frisé Klass 1","code":"101281493_ST"}],"sorts":[{"code":"topRated","name":"Populärast","selected":true},{"code":"name-asc","name":"A – Ö","selected":false},{"code":"name-desc","name":"Ö – A","selected":false},{"code":"price-asc","name":"Pris (Billigast - Dyrast)","selected":false},{"code":"price-desc","name":"Pris (Dyrast - Billigast)","selected":false},{"code":"compareprice-asc","name":"Jämförpris (Billigast - Dyrast)","selected":false},{"code":"compareprice-desc","name":"Jämförpris (Dyrast - Billigast)","selected":false}],"pagination":{"pageSize":30,"currentPage":6,"sort":"topRated","numberOfPages":8,"totalNumberOfResults":236,"allProductsInCategoriesCount":236,"allProductsInSearchCount":0},"relatedResults":null,"relatedResultsPagination":null,"currentQuery":null,"breadcrumbs":[],"facets":[{"code":"commercialName2","name":"commercialName2","priority":-400,"category":false,"multiSelect":true,"visible":true,"topValues":null,"values":[{"code":"1 & 1","name":"1 & 1","count":1,"query":{"url":"frukt-och-gront?q=%3AtopRated%3AcommercialName2%3A1%2B%2526%2B1","query":{"value":":topRated:commercialName2:1+%26+1","filterQueries":[],"searchQueryContext":null,"searchType":null}},"selected":false},{"code":"Cajom","name":"Cajom","count":3,"query":{"url":"frukt-och-gront?q=%3AtopRated%3AcommercialName2%3ACajom","query":{"value":":topRated:commercialName2:Cajom","filterQueries":[],"searchQueryContext":null,"searchType":null}},"selected":false},{"code":"Garant","name":"Garant","count":38,"query":{"url":"frukt-och-gront?q=%3AtopRated%3AcommercialName2%3AGarant","query":{"value":":topRated:commercialName2:Garant","filterQueries":[],"searchQueryContext":null,"searchType":null}},"selected":false},{"code":"Garant Eko","name":"Garant Eko","count":22,"query":{"url":"frukt-och-gront?q=%3AtopRated%3AcommercialName2%3AGarant%2BEko","query":{"value":":topRated:commercialName2:Garant+Eko","filterQueries":[],"searchQueryContext":null,"searchType":null}},"selected":false}]},{"code":"productLabelTypes","name":"productLabelTypes","priority":-1000,"category":false,"multiSelect":false,"visible":true,"topValues":null,"values":[{"code":"ECOLOGICAL","name":"Ekologisk","count":40,"query":{"url":"frukt-och-gront?q=%3AtopRated%3AproductLabelTypes%3AECOLOGICAL","query":{"value":":topRated:productLabelTypes:ECOLOGICAL","filterQueries":[],"searchQueryContext":null,"searchType":null}},"selected":false},{"code":"FAIRTRADE_FACET","name":"Fairtrade","count":1,"query":{"url":"frukt-och-gront?q=%3AtopRated%3AproductLabelTypes%3AFAIRTRADE_FACET","query":{"value":":topRated:productLabelTypes:FAIRTRADE_FACET","filterQueries":[],"searchQueryContext":null,"searchType":null}},"selected":false},{"code":"ENVIRONMENTAL_FACET","name":"Miljömärkt","count":2,"query":{"url":"frukt-och-gront?q=%3AtopRated%3AproductLabelTypes%3AENVIRONMENTAL_FACET","query":{"value":":topRated:productLabelTypes:ENVIRONMENTAL_FACET","filterQueries":[],"searchQueryContext":null,"searchType":null}},"selected":false},{"code":"KEYHOLE","name":"Nyckelhålet","count":197,"query":{"url":"frukt-och-gront?q=%3AtopRated%3AproductLabelTypes%3AKEYHOLE","query":{"value":":topRated:productLabelTypes:KEYHOLE","filterQueries":[],"searchQueryContext":null,"searchType":null}},"selected":false},{"code":"SWEDISH_FLAG","name":"Svenskt","count":73,"query":{"url":"frukt-och-gront?q=%3AtopRated%3AproductLabelTypes%3ASWEDISH_FLAG","query":{"value":":topRated:productLabelTypes:SWEDISH_FLAG","filterQueries":[],"searchQueryContext":null,"searchType":null}},"selected":false}]}],"freeTextSearch":"","categoryCode":null,"keywordRedirectUrl":null,"spellingSuggestion":null,"categoryName":null,"customSuggestion":null,"categoryBreadcrumbs":{"url":"frukt-och-gront","name":"Frukt & Grönt","linkClass":null,"categoryCode":"N05"},"navigationCategories":null,"usedQuery":null,"subCategories":[{"code":"N0501","name":"Frukt","url":"frukt-och-gront/frukt","description":null,"image":null,"parentCategoryName":"Frukt & Grönt","sequence":0,"seoTitle":null,"seoDescription":null},{"code":"N0502","name":"Färska bär","url":"frukt-och-gront/farska-bar","description":null,"image":null,"parentCategoryName":"Frukt & Grönt","sequence":0,"seoTitle":null,"seoDescription":null},{"code":"N0503","name":"Grönsaker","url":"frukt-och-gront/gronsaker","description":null,"image":null,"parentCategoryName":"Frukt & Grönt","sequence":0,"seoTitle":null,"seoDescription":null},{"code":"N0504","name":"Potatis & rotsaker","url":"frukt-och-gront/potatis-och-rotsaker","description":null,"image":null,"parentCategoryName":"Frukt & Grönt","sequence":0,"seoTitle":null,"seoDescription":null},{"code":"N0505","name":"Svamp","url":"frukt-och-gront/svamp","description":null,"image":null,"parentCategoryName":"Frukt & Grönt","sequence":0,"seoTitle":null,"seoDescription":null},{"code":"N0506","name":"Kryddor & smaksättare","url":"frukt-och-gront/kryddor-och-smaksattare","description":null,"image":null,"parentCategoryName":"Frukt & Grönt","sequence":0,"seoTitle":null,"seoDescription":null}],"categoryInfo":{"code":"N05","name":"Frukt & Grönt","url":"frukt-och-gront","description":null,"image":null,"parentCategoryName":null,"sequence":0,"seoTitle":null,"seoDescription":null},"superCategories":[{"code":"N00","name":"Alla varor","url":"/alla-varor/c/","description":null,"image":null,"parentCategoryName":null,"sequence":0,"seoTitle":null,"seoDescription":null}],"restrictedProductTypes":""}
---
{"results":[{"potentialPromotions":[],"inactivePotentialPromotions":[],"priceValue":16.9,"price":"16,90 kr","image":{"imageType":"PRIMARY","format":"product","url":"https://assets.axfood.se/image/upload/f_auto,t_200/07311042005841_C1N1_s02","altText":null,"galleryIndex":null,"width":null},"ranking":0.0,"depositPrice":"","averageWeight":null,"comparePrice":"260,00 kr","comparePriceUnit":"kg","isDrugProduct":false,"solrSearchScore":1.0,"energyDeclaration":null,"newsSplashProduct":false,"notAllowedB2b":false,"notAllowedAnonymous":false,"productLine2":"GARANT EKO, 65g","pickupProductLine2":"GARANT EKO, 65g","priceUnit":"kr/st","priceNoUnit":"16,90","savingsAmount":null,"googleAnalyticsCategory":"","gdprTrackingIncompliant":false,"nicotineMedicalProduct":false,"tobaccoFreeNicotineProduct":false,"nonEkoProduct":false,"precautionaryStatements":[],"hazards":[],"tobaccoProduct":false,"showGoodPriceIcon":false,"labels":["ecological","eu_ecological","keyhole"],"seoDescription":"","seoTitle":"","manufacturer":"Garant Eko","incrementValue":1.0,"productBasketType":{"code":"ST","type":"ProductBasketTypeEnum"},"bargainProduct":false,"addToCartMessage":"","thumbnail":{"imageType":"PRIMARY","format":"thumbnail","url":"https://assets.axfood.se/image/upload/f_auto,t_100/07311042005841_C1N1_s02","altText":null,"galleryIndex":null,"width":null},"outOfStock":false,"online":true,"displayVolume":"65g","addToCartDisabled":false,"name":"Babyspenat Ekologisk Klass 1","code":"101240156_ST"},{"potentialPromotions":[],"inactivePotentialPromotions":[],"priceValue":24.9,"price":"24,90 kr","image":{"imageType":"PRIMARY","format":"product","url":"https://assets.axfood.se/image/upload/f_auto,t_200/07311042013204_C1L1_s01","altText":null,"galleryIndex":null,"width":null},"ranking":0.0,"depositPrice":"","averageWeight":null,"comparePrice":"249,00 kr","comparePriceUnit":"kg","isDrugProduct":false,"solrSearchScore":1.0,"energyDeclaration":null,"newsSplashProduct":false,"notAllowedB2b":false,"notAllowedAnonymous":false,"productLine2":"100g","pickupProductLine2":"100g","priceUnit":"kr/st","priceNoUnit":"24,90","savingsAmount":null,"googleAnalyticsCategory":"","gdprTrackingIncompliant":false,"nicotineMedicalProduct":false,"tobaccoFreeNicotineProduct":false,"nonEkoProduct":false,"precautionaryStatements":[],"hazards":[],"tobaccoProduct":false,"showGoodPriceIcon":false,"labels":["keyhole"],"seoDescription":"","seoTitle":"","manufacturer":null,"incrementValue":1.0,"productBasketType":{"code":"ST","type":"ProductBasketTypeEnum"},"bargainProduct":false,"addToCartMessage":"","thumbnail":{"imageType":"PRIMARY","format":"thumbnail","url":"https://assets.axfood.se/image/upload/f_auto,t_100/07311042013204_C1L1_s01","altText":null,"galleryIndex":null,"width":null},"outOfStock":false,"online":true,"displayVolume":"100g","addToCartDisabled":false,"name":"Dill","code":"101412786_ST"},{"potentialPromotions":[],"inactivePotentialPromotions":[],"priceValue":27.9,"price":"27,90 kr","image":{"imageType":"PRIMARY","format":"product","url":"https://assets.axfood.se/image/upload/f_auto,t_200/07311042001669_C1N0_s01","altText":null,"galleryIndex":null,"width":null},"ranking":0.0,"depositPrice":"","averageWeight":null,"comparePrice":"69,75 kr","comparePriceUnit":"kg","isDrugProduct":false,"solrSearchScore":1.0,"energyDeclaration":null,"newsSplashProduct":false,"notAllowedB2b":false,"notAllowedAnonymous":false,"productLine2":"400g","pickupProductLine2":"400g","priceUnit":"kr/st","priceNoUnit":"27,90","savingsAmount":null,"googleAnalyticsCategory":"","gdprTrackingIncompliant":false,"nicotineMedicalProduct":false,"tobaccoFreeNicotineProduct":false,"nonEkoProduct":false,"precautionaryStatements":[],"hazards":[],"tobaccoProduct":false,"showGoodPriceIcon":false,"labels":[],"seoDescription":"","seoTitle":"","manufacturer":null,"incrementValue":1.0,"productBasketType":{"code":"ST","type":"ProductBasketTypeEnum"},"bargainProduct":false,"addToCartMessage":"","thumbnail":{"imageType":"PRIMARY","format":"thumbnail","url":"https://assets.axfood.se/image/upload/f_auto,t_100/07311042001669_C1N0_s01","altText":null,"galleryIndex":null,"width":null},"outOfStock":false,"online":true,"displayVolume":"400g","addToCartDisabled":false,"name":"Paprika Mix Klass 1","code":"100816299_ST"},{"potentialPromotions":[],"inactivePotentialPromotions":[],"priceValue":15.9,"price":"15,90 kr","image":{"imageType":"PRIMARY","format":"product","url":"https://assets.axfood.se/image/upload/f_auto,t_200/07311042006619_C1L1_s01","altText":null,"galleryIndex":null,"width":null},"ranking":0.0,"depositPrice":"","averageWeight":null,"comparePrice":"318,00 kr","comparePriceUnit":"kg","isDrugProduct":false,"solrSearchScore":1.0,"energyDeclaration":null,"newsSplashProduct":false,"notAllowedB2b":false,"notAllowedAnonymous":false,"productLine2":"50g","pickupProductLine2":"50g","priceUnit":"kr/st","priceNoUnit":"15,90","savingsAmount":null,"googleAnalyticsCategory":"","gdprTrackingIncompliant":false,"nicotineMedicalProduct":false,"tobaccoFreeNicotineProduct":false,"nonEkoProduct":false,"precautionaryStatements":[],"hazards":[],"tobaccoProduct":false,"showGoodPriceIcon":false,"labels":["ecological","eu_ecological","keyhole"],"seoDescription":"","seoTitle":"","manufacturer":null,"incrementValue":1.0,"productBasketType":{"code":"ST","type":"ProductBasketTypeEnum"},"bargainProduct":false,"addToCartMessage":"","thumbnail":{"imageType":"PRIMARY","format":"thumbnail","url":"https://assets.axfood.se/image/upload/f_auto,t_100/07311042006619_C1L1_s01","altText":null,"galleryIndex":null,"width":null},"outOfStock":false,"online":true,"displayVolume":"50g","addToCartDisabled":false,"name":"Gurkmeja Eko","code":"101269304_ST"},{"potentialPromotions":[],"inactivePotentialPromotions":[],"priceValue":16.9,"price":"16,90 kr","image":{"imageType":"PRIMARY","format":"product","url":"https://assets.axfood.se/image/upload/f_auto,t_200/07311042001355_C1N0_s01","altText":null,"galleryIndex":null,"width":null},"ranking":0.0,"depositPrice":"","averageWeight":null,"comparePrice":"","comparePriceUnit":"","isDrugProduct":false,"solrSearchScore":1.0,"energyDeclaration":null,"newsSplashProduct":false,"notAllowedB2b":false,"notAllowedAnonymous":false,"productLine2":"250g","pickupProductLine2":"250g","priceUnit":"kr/st","priceNoUnit":"16,90","savingsAmount":null,"googleAnalyticsCategory":"","gdprTrackingIncompliant":false,"nicotineMedicalProduct":false,"tobaccoFreeNicotineProduct":false,"nonEkoProduct":false,"precautionaryStatements":[],"hazards":[],"tobaccoProduct":false,"showGoodPriceIcon":false,"labels":["swedish_flag","keyhole"],"seoDescription":"","seoTitle":"","manufacturer":null,"incrementValue":1.0,"productBasketType":{"code":"ST","type":"ProductBasketTypeEnum"},"bargainProduct":false,"addToCartMessage":"","thumbnail":{"imageType":"PRIMARY","format":"thumbnail","url":"https://assets.axfood.se/image/upload/f_auto,t_100/07311042001355_C1N0_s01","altText":null,"galleryIndex":null,"width":null},"outOfStock":false,"online":true,"displayVolume":"250g","addToCartDisabled":false,"name":"Lök Gul Knippe Klass 1","code":"100144906_ST"},{"potentialPromotions":[],"inactivePotentialPromotions":[],"priceValue":29.9,"price":"29,90 kr","image":{"imageType":"PRIMARY","format":"product","url":"https://assets.axfood.se/image/upload/f_auto,t_200/07311042000181_C1L1_s02","altText":null,"galleryIndex":null,"width":null},"ranking":0.0,"depositPrice":"","averageWeight":null,"comparePrice":"239,20 kr","comparePriceUnit":"kg","isDrugProduct":false,"solrSearchScore":1.0,"energyDeclaration":null,"newsSplashProduct":false,"notAllowedB2b":false,"notAllowedAnonymous":false,"productLine2":"125g","pickupProductLine2":"125g","priceUnit":"kr/st","priceNoUnit":"29,90","savingsAmount":null,"googleAnalyticsCategory":"","gdprTrackingIncompliant":false,"nicotineMedicalProduct":false,"tobaccoFreeNicotineProduct":false,"nonEkoProduct":false,"precautionaryStatements":[],"hazards":[],"tobaccoProduct":false,"showGoodPriceIcon":false,"labels":["keyhole"],"seoDescription":"","seoTitle":"","manufacturer":null,"incrementValue":1.0,"productBasketType":{"code":"ST","type":"ProductBasketTypeEnum"},"bargainProduct":false,"addToCartMessage":"","thumbnail":{"imageType":"PRIMARY","format":"thumbnail","url":"https://assets.axfood.se/image/upload/f_auto,t_100/07311042000181_C1L1_s02","altText":null,"galleryIndex":null,"width":null},"outOfStock":false,"online":true,"displayVolume":"125g","addToCartDisabled":false,"name":"Blåbär Klass 1","code":"100764503_ST"},{"potentialPromotions":[],"inactivePotentialPromotions":[],"priceValue":14.9,"price":"14,90 kr","image":{"imageType":"PRIMARY","format":"product","url":"https://assets.axfood.se/image/upload/f_auto,t_200/07311042004332_C1N1_s01","altText":null,"galleryIndex":null,"width":null},"ranking":0.0,"depositPrice":"","averageWeight":null,"comparePrice":"14,90 kr","comparePriceUnit":"kg","isDrugProduct":false,"solrSearchScore":1.0,"energyDeclaration":null,"newsSplashProduct":false,"notAllowedB2b":false,"notAllowedAnonymous":false,"productLine2":"1kg","pickupProductLine2":"1kg","priceUnit":"kr/st","priceNoUnit":"14,90","savingsAmount":null,"googleAnalyticsCategory":"","gdprTrackingIncompliant":false,"nicotineMedicalProduct":false,"tobaccoFreeNicotineProduct":false,"nonEkoProduct":false,"precautionaryStatements":[],"hazards":[],"tobaccoProduct":false,"showGoodPriceIcon":false,"labels":["keyhole"],"seoDescription":"","seoTitle":"","manufacturer":null,"incrementValue":1.0,"productBasketType":{"code":"ST","type":"ProductBasketTypeEnum"},"bargainProduct":false,"addToCartMessage":"","thumbnail":{"imageType":"PRIMARY","format":"thumbnail","url":"https://assets.axfood.se/image/upload/f_auto,t_100/07311042004332_C1N1_s01","altText":null,"galleryIndex":null,"width":null},"outOfStock":false,"online":true,"displayVolume":"1kg","addToCartDisabled":false,"name":"Lök Gul i Påse Klass 1","code":"100812738_ST"},{"potentialPromotions":[],"inactivePotentialPromotions":[],"priceValue":15.9,"price":"15,90 kr","image":{"imageType":"PRIMARY","format":"product","url":"https://assets.axfood.se/image/upload/f_auto,t_200/07311042000280_C1N1_s01","altText":null,"galleryIndex":null,"width":null},"ranking":0.0,"depositPrice":"","averageWeight":null,"comparePrice":"31,80 kr","comparePriceUnit":"kg","isDrugProduct":false,"solrSearchScore":1.0,"energyDeclaration":null,"newsSplashProduct":false,"notAllowedB2b":false,"notAllowedAnonymous":false,"productLine2":"500g","pickupProductLine2":"500g","priceUnit":"kr/st","priceNoUnit":"15,90","savingsAmount":null,"googleAnalyticsCategory":"","gdprTrackingIncompliant":false,"nicotineMedicalProduct":false,"tobaccoFreeNicotineProduct":false,"nonEkoProduct":false,"precautionaryStatements":[],"hazards":[],"tobaccoProduct":false,"showGoodPriceIcon":false,"labels":["keyhole"],"seoDescription":"","seoTitle":"","manufacturer":null,"incrementValue":1.0,"productBasketType":{"code":"ST","type":"ProductBasketTypeEnum"},"bargainProduct":false,"addToCartMessage":"","thumbnail":{"imageType":"PRIMARY","format":"thumbnail","url":"https://assets.axfood.se/image/upload/f_auto,t_100/07311042000280_C1N1_s01","altText":null,"galleryIndex":null,"width":null},"outOfStock":false,"online":true,"displayVolume":"500g","addToCartDisabled":false,"name":"Citroner Klass 2","code":"100946979_ST"},{"potentialPromotions":[],"inactivePotentialPromotions":[],"priceValue":17.9,"price":"17,90 kr","image":{"imageType":"PRIMARY","format":"product","url":"https://assets.axfood.se/image/upload/f_auto,t_200/07311042012030_C1N1_s01","altText":null,"galleryIndex":null,"width":null},"ranking":0.0,"depositPrice":"","averageWeight":null,"comparePrice":"179,00 kr","comparePriceUnit":"kg","isDrugProduct":false,"solrSearchScore":1.0,"energyDeclaration":null,"newsSplashProduct":false,"notAllowedB2b":false,"notAllowedAnonymous":false,"productLine2":"100g","pickupProductLine2":"100g","priceUnit":"kr/st","priceNoUnit":"17,90","savingsAmount":null,"googleAnalyticsCategory":"","gdprTrackingIncompliant":false,"nicotineMedicalProduct":false,"tobaccoFreeNicotineProduct":false,"nonEkoProduct":false,"precautionaryStatements":[],"hazards":[],"tobaccoProduct":false,"showGoodPriceIcon":false,"labels":["keyhole"],"seoDescription":"","seoTitle":"","manufacturer":null,"incrementValue":1.0,"productBasketType":{"code":"ST","type":"ProductBasketTypeEnum"},"bargainProduct":false,"addToCartMessage":"","thumbnail":{"imageType":"PRIMARY","format":"thumbnail","url":"https://assets.axfood.se/image/upload/f_auto,t_100/07311042012030_C1N1_s01","altText":null,"galleryIndex":null,"width":null},"outOfStock":false,"online":true,"displayVolume":"100g","addToCartDisabled":false,"name":"Koriander","code":"101391701_ST"},{"potentialPromotions":[],"inactivePotentialPromotions":[],"priceValue":23.9,"price":"23,90 kr","image":{"imageType":"PRIMARY","format":"product","url":"https://assets.axfood.se/image/upload/f_auto,t_200/07311042000068_C1N0_s01","altText":null,"galleryIndex":null,"width":null},"ranking":0.0,"depositPrice":"","averageWeight":null,"comparePrice":"23,90 kr","comparePriceUnit":"kg","isDrugProduct":false,"solrSearchScore":1.0,"energyDeclaration":null,"newsSplashProduct":false,"notAllowedB2b":false,"notAllowedAnonymous":false,"productLine2":"ca1kg","pickupProductLine2":"ca1kg","priceUnit":"kr/st","priceNoUnit":"23,90","savingsAmount":null,"googleAnalyticsCategory":"","gdprTrackingIncompliant":false,"nicotineMedicalProduct":false,"tobaccoFreeNicotineProduct":false,"nonEkoProduct":false,"precautionaryStatements":[],"hazards":[],"tobaccoProduct":false,"showGoodPriceIcon":false,"labels":["rainforest_alliance","keyhole","environmental_facet"],"seoDescription":"","seoTitle":"","manufacturer":null,"incrementValue":1.0,"productBasketType":{"code":"ST","type":"ProductBasketTypeEnum"},"bargainProduct":false,"addToCartMessage":"","thumbnail":{"imageType":"PRIMARY","format":"thumbnail","url":"https://assets.axfood.se/image/upload/f_auto,t_100/07311042000068_C1N0_s01","altText":null,"galleryIndex":null,"width":null},"outOfStock":false,"online":true,"displayVolume":"ca1kg","addToCartDisabled":false,"name":"Ananas","code":"100145594_ST"},{"potentialPromotions":[],"inactivePotentialPromotions":[],"priceValue":19.9,"price":"19,90 kr","image":{"imageType":"PRIMARY","format":"product","url":"https://assets.axfood.se/image/upload/f_auto,t_200/07311042002291_C1L1_s01","altText":null,"galleryIndex":null,"width":null},"ranking":0.0,"depositPrice":"","averageWeight":null,"comparePrice":"79,60 kr","comparePriceUnit":"kg","isDrugProduct":false,"solrSearchScore":1.0,"energyDeclaration":null,"newsSplashProduct":false,"notAllowedB2b":false,"notAllowedAnonymous":false,"productLine2":"250g","pickupProductLine2":"250g","priceUnit":"kr/st","priceNoUnit":"19,90","savingsAmount":null,"googleAnalyticsCategory":"","gdprTrackingIncompliant":false,"nicotineMedicalProduct":false,"tobaccoFreeNicotineProduct":false,"nonEkoProduct":false,"precautionaryStatements":[],"hazards":[],"tobaccoProduct":false,"showGoodPriceIcon":false,"labels":["keyhole"],"seoDescription":"","seoTitle":"","manufacturer":null,"incrementValue":1.0,"productBasketType":{"code":"ST","type":"ProductBasketTypeEnum"},"bargainProduct":false,"addToCartMessage":"","thumbnail":{"imageType":"PRIMARY","format":"thumbnail","url":"https://assets.axfood.se/image/upload/f_auto,t_100/07311042002291_C1L1_s01","altText":null,"galleryIndex":null,"width":null},"outOfStock":false,"online":true,"displayVolume":"250g","addToCartDisabled":false,"name":"Tomater Babyplommon Klass 1","code":"100819651_ST"},{"potentialPromotions":[],"inactivePotentialPromotions":[],"priceValue":18.9,"price":"18,90 kr","image":{"imageType":"PRIMARY","format":"product","url":"https://assets.axfood.se/image/upload/f_auto,t_200/07311042004486_C1N1_s01","altText":null,"galleryIndex":null,"width":null},"ranking":0.0,"depositPrice":"","averageWeight":null,"comparePrice":"18,90 kr","comparePriceUnit":"kg","isDrugProduct":false,"solrSearchScore":1.0,"energyDeclaration":null,"newsSplashProduct":false,"notAllowedB2b":false,"notAllowedAnonymous":false,"productLine2":"1kg","pickupProductLine2":"1kg","priceUnit":"kr/st","priceNoUnit":"18,90","savingsAmount":null,"googleAnalyticsCategory":"","gdprTrackingIncompliant":false,"nicotineMedicalProduct":false,"tobaccoFreeNicotineProduct":false,"nonEkoProduct":false,"precautionaryStatements":[],"hazards":[],"tobaccoProduct":false,"showGoodPriceIcon":false,"labels":["keyhole"],"seoDescription":"","seoTitle":"","manufacturer":null,"incrementValue":1.0,"productBasketType":{"code":"ST","type":"ProductBasketTypeEnum"},"bargainProduct":false,"addToCartMessage":"","thumbnail":{"imageType":"PRIMARY","format":"thumbnail","url":"https://assets.axfood.se/image/upload/f_auto,t_100/07311042004486_C1N1_s01","altText":null,"galleryIndex":null,"width":null},"outOfStock":false,"online":true,"displayVolume":"1kg","addToCartDisabled":false,"name":"Lök Röd i Påse Klass 1","code":"100825065_ST"},{"potentialPromotions":[],"inactivePotentialPromotions":[],"priceValue":13.9,"price":"13,90 kr","image":{"imageType":"PRIMARY","format":"product","url":"https://assets.axfood.se/image/upload/f_auto,t_200/07311042015901_C1N1_s03","altText":null,"galleryIndex":null,"width":null},"ranking":0.0,"depositPrice":"","averageWeight":null,"comparePrice":"","comparePriceUnit":"","isDrugProduct":false,"solrSearchScore":1.0,"energyDeclaration":null,"newsSplashProduct":false,"notAllowedB2b":false,"notAllowedAnonymous":false,"productLine2":"GARANT, 15g","pickupProductLine2":"GARANT, 15g","priceUnit":"kr/st","priceNoUnit":"13,90","savingsAmount":null,"googleAnalyticsCategory":"","gdprTrackingIncompliant":false,"nicotineMedicalProduct":false,"tobaccoFreeNicotineProduct":false,"nonEkoProduct":false,"precautionaryStatements":[],"hazards":[],"tobaccoProduct":false,"showGoodPriceIcon":false,"labels":["swedish_flag"],"seoDescription":"","seoTitle":"","manufacturer":"Garant","incrementValue":1.0,"productBasketType":{"code":"ST","type":"ProductBasketTypeEnum"},"bargainProduct":false,"addToCartMessage":"","thumbnail":{"imageType":"PRIMARY","format":"thumbnail","url":"https://assets.axfood.se/image/upload/f_auto,t_100/07311042015901_C1N1_s03","altText":null,"galleryIndex":null,"width":null},"outOfStock":false,"online":true,"displayVolume":"15g","addToCartDisabled":false,"name":"Gräslök","code":"101599758_ST"},{"potentialPromotions":[],"inactivePotentialPromotions":[],"priceValue":24.9,"price":"24,90 kr","image":{"imageType":"PRIMARY","format":"product","url":"https://assets.axfood.se/image/upload/f_auto,t_200/07311042011453_C1L1_s01","altText":null,"galleryIndex":null,"width":null},"ranking":0.0,"depositPrice":"","averageWeight":null,"comparePrice":"124,50 kr","comparePriceUnit":"kg","isDrugProduct":false,"solrSearchScore":1.0,"energyDeclaration":null,"newsSplashProduct":false,"notAllowedB2b":false,"notAllowedAnonymous":false,"productLine2":"200g","pickupProductLine2":"200g","priceUnit":"kr/st","priceNoUnit":"24,90","savingsAmount":null,"googleAnalyticsCategory":"","gdprTrackingIncompliant":false,"nicotineMedicalProduct":false,"tobaccoFreeNicotineProduct":false,"nonEkoProduct":false,"precautionaryStatements":[],"hazards":[],"tobaccoProduct":false,"showGoodPriceIcon":false,"labels":["swedish_flag","keyhole"],"seoDescription":"","seoTitle":"","manufacturer":null,"incrementValue":1.0,"productBasketType":{"code":"ST","type":"ProductBasketTypeEnum"},"bargainProduct":false,"addToCartMessage":"","thumbnail":{"imageType":"PRIMARY","format":"thumbnail","url":"https://assets.axfood.se/image/upload/f_auto,t_100/07311042011453_C1L1_s01","altText":null,"galleryIndex":null,"width":null},"outOfStock":false,"online":true,"displayVolume":"200g","addToCartDisabled":false,"name":"Tomat Babyplommon Kvist Klass 1","code":"101345836_ST"},{"potentialPromotions":[],"inactivePotentialPromotions":[],"priceValue":13.9,"price":"13,90 kr","image":{"imageType":"PRIMARY","format":"product","url":"https://assets.axfood.se/image/upload/f_auto,t_200/07311042015932_C1N1_s03","altText":null,"galleryIndex":null,"width":null},"ranking":0.0,"depositPrice":"","averageWeight":null,"comparePrice":"","comparePriceUnit":"","isDrugProduct":false,"solrSearchScore":1.0,"energyDeclaration":null,"newsSplashProduct":false,"notAllowedB2b":false,"notAllowedAnonymous":false,"productLine2":"GARANT, 15g","pickupProductLine2":"GARANT, 15g","priceUnit":"kr/st","priceNoUnit":"13,90","savingsAmount":null,"googleAnalyticsCategory":"","gdprTrackingIncompliant":false,"nicotineMedicalProduct":false,"tobaccoFreeNicotineProduct":false,"nonEkoProduct":false,"precautionaryStatements":[],"hazards":[],"tobaccoProduct":false,"showGoodPriceIcon":false,"labels":[],"seoDescription":"","seoTitle":"","manufacturer":"Garant","incrementValue":1.0,"productBasketType":{"code":"ST","type":"ProductBasketTypeEnum"},"bargainProduct":false,"addToCartMessage":"","thumbnail":{"imageType":"PRIMARY","format":"thumbnail","url":"https://assets.axfood.se/image/upload/f_auto,t_100/07311042015932_C1N1_s03","altText":null,"galleryIndex":null,"width":null},"outOfStock":false,"online":true,"displayVolume":"15g","addToCartDisabled":false,"name":"Citronmeliss Klass 1","code":"101599982_ST"},{"potentialPromotions":[],"inactivePotentialPromotions":[],"priceValue":13.9,"price":"13,90 kr","image":{"imageType":"PRIMARY","format":"product","url":"https://assets.axfood.se/image/upload/f_auto,t_200/07311042015994_C1N1_s03","altText":null,"galleryIndex":null,"width":null},"ranking":0.0,"depositPrice":"","averageWeight":null,"comparePrice":"","comparePriceUnit":"","isDrugProduct":false,"solrSearchScore":1.0,"energyDeclaration":null,"newsSplashProduct":false,"notAllowedB2b":false,"notAllowedAnonymous":false,"productLine2":"GARANT, 15g","pickupProductLine2":"GARANT, 15g","priceUnit":"kr/st","priceNoUnit":"13,90","savingsAmount":null,"googleAnalyticsCategory":"","gdprTrackingIncompliant":false,"nicotineMedicalProduct":false,"tobaccoFreeNicotineProduct":false,"nonEkoProduct":false,"precautionaryStatements":[],"hazards":[],"tobaccoProduct":false,"showGoodPriceIcon":false,"labels":[],"seoDescription":"","seoTitle":"","manufacturer":"Garant","incrementValue":1.0,"productBasketType":{"code":"ST","type":"ProductBasketTypeEnum"},"bargainProduct":false,"addToCartMessage":"","thumbnail":{"imageType":"PRIMARY","format":"thumbnail","url":"https://assets.axfood.se/image/upload/f_auto,t_100/07311042015994_C1N1_s03","altText":null,"galleryIndex":null,"width":null},"outOfStock":false,"online":true,"displayVolume":"15g","addToCartDisabled":false,"name":"Rosmarin Klass 1","code":"101599970_ST"},{"potentialPromotions":[],"inactivePotentialPromotions":[],"priceValue":13.9,"price":"13,90 kr","image":{"imageType":"PRIMARY","format":"product","url":"https://assets.axfood.se/image/upload/f_auto,t_200/07311042015871_C1N1_s03","altText":null,"galleryIndex":null,"width":null},"ranking":0.0,"depositPrice":"","averageWeight":null,"comparePrice":"","comparePriceUnit":"","isDrugProduct":false,"solrSearchScore":1.0,"energyDeclaration":null,"newsSplashProduct":false,"notAllowedB2b":false,"notAllowedAnonymous":false,"productLine2":"GARANT, 50g","pickupProductLine2":"GARANT, 50g","priceUnit":"kr/st","priceNoUnit":"13,90","savingsAmount":null,"googleAnalyticsCategory":"","gdprTrackingIncompliant":false,"nicotineMedicalProduct":false,"tobaccoFreeNicotineProduct":false,"nonEkoProduct":false,"precautionaryStatements":[],"hazards":[],"tobaccoProduct":false,"showGoodPriceIcon":false,"labels":[],"seoDescription":"","seoTitle":"","manufacturer":"Garant","incrementValue":1.0,"productBasketType":{"code":"ST","type":"ProductBasketTypeEnum"},"bargainProduct":false,"addToCartMessage":"","thumbnail":{"imageType":"PRIMARY","format":"thumbnail","url":"https://assets.axfood.se/image/upload/f_auto,t_100/07311042015871_C1N1_s03","altText":null,"galleryIndex":null,"width":null},"outOfStock":false,"online":true,"displayVolume":"50g","addToCartDisabled":false,"name":"Persilja Blad","code":"101599696_ST"},{"potentialPromotions":[],"inactivePotentialPromotions":[],"priceValue":27.9,"price":"27,90 kr","image":{"imageType":"PRIMARY","format":"product","url":"https://assets.axfood.se/image/upload/f_auto,t_200/07311042007289_C1N1_s02","altText":null,"galleryIndex":null,"width":null},"ranking":0.0,"depositPrice":"","averageWeight":null,"comparePrice":"159,43 kr","comparePriceUnit":"kg","isDrugProduct":false,"solrSearchScore":1.0,"energyDeclaration":null,"newsSplashProduct":false,"notAllowedB2b":false,"notAllowedAnonymous":false,"productLine2":"GARANT EKO, 175g","pickupProductLine2":"GARANT EKO, 175g","priceUnit":"kr/st","priceNoUnit":"27,90","savingsAmount":null,"googleAnalyticsCategory":"","gdprTrackingIncompliant":false,"nicotineMedicalProduct":false,"tobaccoFreeNicotineProduct":false,"nonEkoProduct":false,"precautionaryStatements":[],"hazards":[],"tobaccoProduct":false,"showGoodPriceIcon":false,"labels":["ecological","eu_ecological","keyhole"],"seoDescription":"","seoTitle":"","manufacturer":"Garant Eko","incrementValue":1.0,"productBasketType":{"code":"ST","type":"ProductBasketTypeEnum"},"bargainProduct":false,"addToCartMessage":"","thumbnail":{"imageType":"PRIMARY","format":"thumbnail","url":"https://assets.axfood.se/image/upload/f_auto,t_100/07311042007289_C1N1_s02","altText":null,"galleryIndex":null,"width":null},"outOfStock":false,"online":true,"displayVolume":"175g","addToCartDisabled":false,"name":"Babyspenat","code":"101281469_ST"},{"potentialPromotions":[],"inactivePotentialPromotions":[],"priceValue":29.9,"price":"29,90 kr","image":{"imageType":"PRIMARY","format":"product","url":"https://assets.axfood.se/image/upload/f_auto,t_200/07311042000266_C1L1_s01","altText":null,"galleryIndex":null,"width":null},"ranking":0.0,"depositPrice":"","averageWeight":null,"comparePrice":"29,90 kr","comparePriceUnit":"kg","isDrugProduct":false,"solrSearchScore":1.0,"energyDeclaration":null,"newsSplashProduct":false,"notAllowedB2b":false,"notAllowedAnonymous":false,"productLine2":"1kg","pickupProductLine2":"1kg","priceUnit":"kr/st","priceNoUnit":"29,90","savingsAmount":null,"googleAnalyticsCategory":"","gdprTrackingIncompliant":false,"nicotineMedicalProduct":false,"tobaccoFreeNicotineProduct":false,"nonEkoProduct":false,"precautionaryStatements":[],"hazards":[],"tobaccoProduct":false,"showGoodPriceIcon":false,"labels":["keyhole"],"seoDescription":"","seoTitle":"","manufacturer":null,"incrementValue":1.0,"productBasketType":{"code":"ST","type":"ProductBasketTypeEnum"},"bargainProduct":false,"addToCartMessage":"","thumbnail":{"imageType":"PRIMARY","format":"thumbnail","url":"https://assets.axfood.se/image/upload/f_auto,t_100/07311042000266_C1L1_s01","altText":null,"galleryIndex":null,"width":null},"outOfStock":false,"online":true,"displayVolume":"1kg","addToCartDisabled":false,"name":"Päron Conference Klass 2","code":"100923002_ST"},{"potentialPromotions":[],"inactivePotentialPromotions":[],"priceValue":29.9,"price":"29,90 kr","image":{"imageType":"PRIMARY","format":"product","url":"https://assets.axfood.se/image/upload/f_auto,t_200/07311042000198_C1L1_s02","altText":null,"galleryIndex":null,"width":null},"ranking":0.0,"depositPrice":"","averageWeight":null,"comparePrice":"239,20 kr","comparePriceUnit":"kg","isDrugProduct":false,"solrSearchScore":1.0,"energyDeclaration":null,"newsSplashProduct":false,"notAllowedB2b":false,"notAllowedAnonymous":false,"productLine2":"125g","pickupProductLine2":"125g","priceUnit":"kr/st","priceNoUnit":"29,90","savingsAmount":null,"googleAnalyticsCategory":"","gdprTrackingIncompliant":false,"nicotineMedicalProduct":false,"tobaccoFreeNicotineProduct":false,"nonEkoProduct":false,"precautionaryStatements":[],"hazards":[],"tobaccoProduct":false,"showGoodPriceIcon":false,"labels":["keyhole"],"seoDescription":"","seoTitle":"","manufacturer":null,"incrementValue":1.0,"productBasketType":{"code":"ST","type":"ProductBasketTypeEnum"},"bargainProduct":false,"addToCartMessage":"","thumbnail":{"imageType":"PRIMARY","format":"thumbnail","url":"https://assets.axfood.se/image/upload/f_auto,t_100/07311042000198_C1L1_s02","altText":null,"galleryIndex":null,"width":null},"outOfStock":false,"online":true,"displayVolume":"125g","addToCartDisabled":false,"name":"Hallon Klass 1","code":"101252609_ST"},{"potentialPromotions":[],"inactivePotentialPromotions":[],"priceValue":9.9,"price":"9,90 kr","image":{"imageType":"PRIMARY","format":"product","url":"https://assets.axfood.se/image/upload/f_auto,t_200/07311042001850_C1N1_s01","altText":null,"galleryIndex":null,"width":null},"ranking":0.0,"depositPrice":"","averageWeight":null,"comparePrice":"79,20 kr","comparePriceUnit":"kg","isDrugProduct":false,"solrSearchScore":1.0,"energyDeclaration":null,"newsSplashProduct":false,"notAllowedB2b":false,"notAllowedAnonymous":false,"productLine2":"125g","pickupProductLine2":"125g","priceUnit":"kr/st","priceNoUnit":"9,90","savingsAmount":null,"googleAnalyticsCategory":"","gdprTrackingIncompliant":false,"nicotineMedicalProduct":false,"tobaccoFreeNicotineProduct":false,"nonEkoProduct":false,"precautionaryStatements":[],"hazards":[],"tobaccoProduct":false,"showGoodPriceIcon":false,"labels":["keyhole"],"seoDescription":"","seoTitle":"","manufacturer":null,"incrementValue":1.0,"productBasketType":{"code":"ST","type":"ProductBasketTypeEnum"},"bargainProduct":false,"addToCartMessage":"","thumbnail":{"imageType":"PRIMARY","format":"thumbnail","url":"https://assets.axfood.se/image/upload/f_auto,t_100/07311042001850_C1N1_s01","altText":null,"galleryIndex":null,"width":null},"outOfStock":false,"online":true,"displayVolume":"125g","addToCartDisabled":false,"name":"Rädisor i Strut","code":"100927035_ST"},{"potentialPromotions":[],"inactivePotentialPromotions":[],"priceValue":34.9,"price":"34,90 kr","image":{"imageType":"PRIMARY","format":"product","url":"https://assets.axfood.se/image/upload/f_auto,t_200/07311042007654_C1L1_s01","altText":null,"galleryIndex":null,"width":null},"ranking":0.0,"depositPrice":"","averageWeight":null,"comparePrice":"87,25 kr","comparePriceUnit":"kg","isDrugProduct":false,"solrSearchScore":1.0,"energyDeclaration":null,"newsSplashProduct":false,"notAllowedB2b":false,"notAllowedAnonymous":false,"productLine2":"400g","pickupProductLine2":"400g","priceUnit":"kr/st","priceNoUnit":"34,90","savingsAmount":null,"googleAnalyticsCategory":"","gdprTrackingIncompliant":false,"nicotineMedicalProduct":false,"tobaccoFreeNicotineProduct":false,"nonEkoProduct":false,"precautionaryStatements":[],"hazards":[],"tobaccoProduct":false,"showGoodPriceIcon":false,"labels":["keyhole"],"seoDescription":"","seoTitle":"","manufacturer":null,"incrementValue":1.0,"productBasketType":{"code":"ST","type":"ProductBasketTypeEnum"},"bargainProduct":false,"addToCartMessage":"","thumbnail":{"imageType":"PRIMARY","format":"thumbnail","url":"https://assets.axfood.se/image/upload/f_auto,t_100/07311042007654_C1L1_s01","altText":null,"galleryIndex":null,"width":null},"outOfStock":false,"online":true,"displayVolume":"400g","addToCartDisabled":false,"name":"Champinjoner Grill Klass 1","code":"101284377_ST"},{"potentialPromotions":[],"inactivePotentialPromotions":[],"priceValue":34.9,"price":"34,90 kr","image":{"imageType":"PRIMARY","format":"product","url":"https://assets.axfood.se/image/upload/f_auto,t_200/07311042011774_C1R1_s01","altText":null,"galleryIndex":null,"width":null},"ranking":0.0,"depositPrice":"","averageWeight":null,"comparePrice":"109,06 kr","comparePriceUnit":"kg","isDrugProduct":false,"solrSearchScore":1.0,"energyDeclaration":null,"newsSplashProduct":false,"notAllowedB2b":false,"notAllowedAnonymous":false,"productLine2":"320g","pickupProductLine2":"320g","priceUnit":"kr/st","priceNoUnit":"34,90","savingsAmount":null,"googleAnalyticsCategory":"","gdprTrackingIncompliant":false,"nicotineMedicalProduct":false,"tobaccoFreeNicotineProduct":false,"nonEkoProduct":false,"precautionaryStatements":[],"hazards":[],"tobaccoProduct":false,"showGoodPriceIcon":false,"labels":["keyhole"],"seoDescription":"","seoTitle":"","manufacturer":null,"incrementValue":1.0,"productBasketType":{"code":"ST","type":"ProductBasketTypeEnum"},"bargainProduct":false,"addToCartMessage":"","thumbnail":{"imageType":"PRIMARY","format":"thumbnail","url":"https://assets.axfood.se/image/upload/f_auto,t_100/07311042011774_C1R1_s01","altText":null,"galleryIndex":null,"width":null},"outOfStock":false,"online":true,"displayVolume":"320g","addToCartDisabled":false,"name":"Avokado 3-pack Mogen Klass 1","code":"101357956_ST"},{"potentialPromotions":[],"inactivePotentialPromotions":[],"priceValue":31.9,"price":"31,90 kr/kg","image":{"imageType":"PRIMARY","format":"product","url":"https://assets.axfood.se/image/upload/f_auto,t_200/07311042000051_C1N0_s01","altText":null,"galleryIndex":null,"width":null},"ranking":0.0,"depositPrice":"","averageWeight":0.25,"comparePrice":"31,90 kr","comparePriceUnit":"kg","isDrugProduct":false,"solrSearchScore":1.0,"energyDeclaration":null,"newsSplashProduct":false,"notAllowedB2b":false,"notAllowedAnonymous":false,"productLine2":"ca: 250g","pickupProductLine2":"ca: 250g","priceUnit":"kr/kg","priceNoUnit":"31,90","savingsAmount":null,"googleAnalyticsCategory":"","gdprTrackingIncompliant":false,"nicotineMedicalProduct":false,"tobaccoFreeNicotineProduct":false,"nonEkoProduct":false,"precautionaryStatements":[],"hazards":[],"tobaccoProduct":false,"showGoodPriceIcon":false,"labels":["keyhole"],"seoDescription":"","seoTitle":"","manufacturer":null,"incrementValue":1.0,"productBasketType":{"code":"ST","type":"ProductBasketTypeEnum"},"bargainProduct":false,"addToCartMessage":"","thumbnail":{"imageType":"PRIMARY","format":"thumbnail","url":"https://assets.axfood.se/image/upload/f_auto,t_100/07311042000051_C1N0_s01","altText":null,"galleryIndex":null,"width":null},"outOfStock":false,"online":true,"displayVolume":"ca: 250g","addToCartDisabled":false,"name":"Päron Conference Klass 1","code":"100139342_KG"},{"potentialPromotions":[],"inactivePotentialPromotions":[],"priceValue":14.9,"price":"14,90 kr","image":{"imageType":"PRIMARY","format":"product","url":"https://assets.axfood.se/image/upload/f_auto,t_200/07311042015963_C1N1_s03","altText":null,"galleryIndex":null,"width":null},"ranking":0.0,"depositPrice":"","averageWeight":null,"comparePrice":"","comparePriceUnit":"","isDrugProduct":false,"solrSearchScore":1.0,"energyDeclaration":null,"newsSplashProduct":false,"notAllowedB2b":false,"notAllowedAnonymous":false,"productLine2":"GARANT, 15g","pickupProductLine2":"GARANT, 15g","priceUnit":"kr/st","priceNoUnit":"14,90","savingsAmount":null,"googleAnalyticsCategory":"","gdprTrackingIncompliant":false,"nicotineMedicalProduct":false,"tobaccoFreeNicotineProduct":false,"nonEkoProduct":false,"precautionaryStatements":[],"hazards":[],"tobaccoProduct":false,"showGoodPriceIcon":false,"labels":[],"seoDescription":"","seoTitle":"","manufacturer":"Garant","incrementValue":1.0,"productBasketType":{"code":"ST","type":"ProductBasketTypeEnum"},"bargainProduct":false,"addToCartMessage":"","thumbnail":{"imageType":"PRIMARY","format":"thumbnail","url":"https://assets.axfood.se/image/upload/f_auto,t_100/07311042015963_C1N1_s03","altText":null,"galleryIndex":null,"width":null},"outOfStock":false,"online":true,"displayVolume":"15g","addToCartDisabled":false,"name":"Mejram Klass 1","code":"101600253_ST"},{"potentialPromotions":[],"inactivePotentialPromotions":[],"priceValue":14.9,"price":"14,90 kr","image":{"imageType":"PRIMARY","format":"product","url":"https://assets.axfood.se/image/upload/f_auto,t_200/07311042015970_C1N1_s05","altText":null,"galleryIndex":null,"width":null},"ranking":0.0,"depositPrice":"","averageWeight":null,"comparePrice":"","comparePriceUnit":"","isDrugProduct":false,"solrSearchScore":1.0,"energyDeclaration":null,"newsSplashProduct":false,"notAllowedB2b":false,"notAllowedAnonymous":false,"productLine2":"GARANT, 15g","pickupProductLine2":"GARANT, 15g","priceUnit":"kr/st","priceNoUnit":"14,90","savingsAmount":null,"googleAnalyticsCategory":"","gdprTrackingIncompliant":false,"nicotineMedicalProduct":false,"tobaccoFreeNicotineProduct":false,"nonEkoProduct":false,"precautionaryStatements":[],"hazards":[],"tobaccoProduct":false,"showGoodPriceIcon":false,"labels":[],"seoDescription":"","seoTitle":"","manufacturer":"Garant","incrementValue":1.0,"productBasketType":{"code":"ST","type":"ProductBasketTypeEnum"},"bargainProduct":false,"addToCartMessage":"","thumbnail":{"imageType":"PRIMARY","format":"thumbnail","url":"https://assets.axfood.se/image/upload/f_auto,t_100/07311042015970_C1N1_s05","altText":null,"galleryIndex":null,"width":null},"outOfStock":false,"online":true,"displayVolume":"15g","addToCartDisabled":false,"name":"Körvel Klass 1","code":"101600928_ST"}],"sorts":[{"code":"topRated","name":"Populärast","selected":true},{"code":"name-asc","name":"A – Ö","selected":false},{"code":"name-desc","name":"Ö – A","selected":false},{"code":"price-asc","name":"Pris (Billigast - Dyrast)","selected":false},{"code":"price-desc","name":"Pris (Dyrast - Billigast)","selected":false},{"code":"compareprice-asc","name":"Jämförpris (Billigast - Dyrast)","selected":false},{"code":"compareprice-desc","name":"Jämförpris (Dyrast - Billigast)","selected":false}],"pagination":{"pageSize":30,"currentPage":7,"sort":"topRated","numberOfPages":8,"totalNumberOfResults":236,"allProductsInCategoriesCount":236,"allProductsInSearchCount":0},"relatedResults":null,"relatedResultsPagination":null,"currentQuery":null,"breadcrumbs":[],"facets":[{"code":"commercialName2","name":"commercialName2","priority":-400,"category":false,"multiSelect":true,"visible":true,"topValues":null,"values":[{"code":"1 & 1","name":"1 & 1","count":1,"query":{"url":"frukt-och-gront?q=%3AtopRated%3AcommercialName2%3A1%2B%2526%2B1","query":{"value":":topRated:commercialName2:1+%26+1","filterQueries":[],"searchQueryContext":null,"searchType":null}},"selected":false},{"code":"Cajom","name":"Cajom","count":3,"query":{"url":"frukt-och-gront?q=%3AtopRated%3AcommercialName2%3ACajom","query":{"value":":topRated:commercialName2:Cajom","filterQueries":[],"searchQueryContext":null,"searchType":null}},"selected":false},{"code":"Garant","name":"Garant","count":38,"query":{"url":"frukt-och-gront?q=%3AtopRated%3AcommercialName2%3AGarant","query":{"value":":topRated:commercialName2:Garant","filterQueries":[],"searchQueryContext":null,"searchType":null}},"selected":false},{"code":"Garant Eko","name":"Garant Eko","count":22,"query":{"url":"frukt-och-gront?q=%3AtopRated%3AcommercialName2%3AGarant%2BEko","query":{"value":":topRated:commercialName2:Garant+Eko","filterQueries":[],"searchQueryContext":null,"searchType":null}},"selected":false}]},{"code":"productLabelTypes","name":"productLabelTypes","priority":-1000,"category":false,"multiSelect":false,"visible":true,"topValues":null,"values":[{"code":"ECOLOGICAL","name":"Ekologisk","count":40,"query":{"url":"frukt-och-gront?q=%3AtopRated%3AproductLabelTypes%3AECOLOGICAL","query":{"value":":topRated:productLabelTypes:ECOLOGICAL","filterQueries":[],"searchQueryContext":null,"searchType":null}},"selected":false},{"code":"FAIRTRADE_FACET","name":"Fairtrade","count":1,"query":{"url":"frukt-och-gront?q=%3AtopRated%3AproductLabelTypes%3AFAIRTRADE_FACET","query":{"value":":topRated:productLabelTypes:FAIRTRADE_FACET","filterQueries":[],"searchQueryContext":null,"searchType":null}},"selected":false},{"code":"ENVIRONMENTAL_FACET","name":"Miljömärkt","count":2,"query":{"url":"frukt-och-gront?q=%3AtopRated%3AproductLabelTypes%3AENVIRONMENTAL_FACET","query":{"value":":topRated:productLabelTypes:ENVIRONMENTAL_FACET","filterQueries":[],"searchQueryContext":null,"searchType":null}},"selected":false},{"code":"KEYHOLE","name":"Nyckelhålet","count":197,"query":{"url":"frukt-och-gront?q=%3AtopRated%3AproductLabelTypes%3AKEYHOLE","query":{"value":":topRated:productLabelTypes:KEYHOLE","filterQueries":[],"searchQueryContext":null,"searchType":null}},"selected":false},{"code":"SWEDISH_FLAG","name":"Svenskt","count":73,"query":{"url":"frukt-och-gront?q=%3AtopRated%3AproductLabelTypes%3ASWEDISH_FLAG","query":{"value":":topRated:productLabelTypes:SWEDISH_FLAG","filterQueries":[],"searchQueryContext":null,"searchType":null}},"selected":false}]}],"freeTextSearch":"","categoryCode":null,"keywordRedirectUrl":null,"spellingSuggestion":null,"categoryName":null,"customSuggestion":null,"categoryBreadcrumbs":{"url":"frukt-och-gront","name":"Frukt & Grönt","linkClass":null,"categoryCode":"N05"},"navigationCategories":null,"usedQuery":null,"subCategories":[{"code":"N0501","name":"Frukt","url":"frukt-och-gront/frukt","description":null,"image":null,"parentCategoryName":"Frukt & Grönt","sequence":0,"seoTitle":null,"seoDescription":null},{"code":"N0502","name":"Färska bär","url":"frukt-och-gront/farska-bar","description":null,"image":null,"parentCategoryName":"Frukt & Grönt","sequence":0,"seoTitle":null,"seoDescription":null},{"code":"N0503","name":"Grönsaker","url":"frukt-och-gront/gronsaker","description":null,"image":null,"parentCategoryName":"Frukt & Grönt","sequence":0,"seoTitle":null,"seoDescription":null},{"code":"N0504","name":"Potatis & rotsaker","url":"frukt-och-gront/potatis-och-rotsaker","description":null,"image":null,"parentCategoryName":"Frukt & Grönt","sequence":0,"seoTitle":null,"seoDescription":null},{"code":"N0505","name":"Svamp","url":"frukt-och-gront/svamp","description":null,"image":null,"parentCategoryName":"Frukt & Grönt","sequence":0,"seoTitle":null,"seoDescription":null},{"code":"N0506","name":"Kryddor & smaksättare","url":"frukt-och-gront/kryddor-och-smaksattare","description":null,"image":null,"parentCategoryName":"Frukt & Grönt","sequence":0,"seoTitle":null,"seoDescription":null}],"categoryInfo":{"code":"N05","name":"Frukt & Grönt","url":"frukt-och-gront","description":null,"image":null,"parentCategoryName":null,"sequence":0,"seoTitle":null,"seoDescription":null},"superCategories":[{"code":"N00","name":"Alla varor","url":"/alla-varor/c/","description":null,"image":null,"parentCategoryName":null,"sequence":0,"seoTitle":null,"seoDescription":null}],"restrictedProductTypes":""}