{"results":{"count":200,"facets":[{"name":"brand","items":[{"item":"COOP","count":46,"selected":false},{"item":"Änglamark","count":32,"selected":false},{"item":"Dole","count":3,"selected":false},{"item":"Andreas Uppgård","count":2,"selected":false},{"item":"Steglinge","count":1,"selected":false},{"item":"SydGrönt","count":1,"selected":false},{"item":"Xtra","count":1,"selected":false}]},{"name":"environmentalLabels","items":[{"item":"Ekologiskt","count":39,"selected":false},{"item":"KRAV","count":33,"selected":false},{"item":"Nyckelhålet","count":17,"selected":false},{"item":"Svenskt ursprung","count":4,"selected":false},{"item":"Lokalt","count":2,"selected":false}]}],"items":[{"id":"2339401100001","type":"Product","ean":"2339401100001","name":"Banan Styck Eko","description":"Bananer styck. Produkten varierar något i storlek och vikt. När du handlar hos oss visar vi en uppskattad vikt för varan och ett pris baserat på kilopriset. Ni debiteras efter vi plockat ihop era varor den verkliga vikten.<br> Vi garanterar att du alltid betalar för varans verkliga vikt.","imageUrl":"http://res.cloudinary.com/coopsverige/image/upload/v1634224873/cloud/224529.tiff","navCategories":[{"code":"32490","name":"Banan","superCategories":[{"code":"32484","name":"Frukt & bär","superCategories":[{"code":"16534","name":"Frukt & Grönsaker","superCategories":[]}]}]}],"accreditedTags":[{"code":"EU_ORGANIC_FARMING","description":"EU Lövet","imageUrl":"https://res.cloudinary.com/coopsverige/image/upload/cooponline/produktmarkning/EUOrganicFarmingLogo.jpg","priority":180}],"packageSize":180.0,"packageSizeInformation":"180 gram ungefärlig vikt","packageSizeUnit":"gram ungefärlig vikt","pieceWeight":0.18,"salesPrice":27.95,"salesPriceData":{"b2cPrice":27.95,"b2bPrice":24.96},"piecePrice":5.03,"piecePriceData":{"b2cPrice":5.03,"b2bPrice":4.49},"salesUnit":"Vikt","comparativePriceText":"kr/kg","comparativePriceUnit":{"unit":"kg","text":"kr/kg"},"comparativePrice":27.95,"comparativePriceData":{"b2cPrice":27.95,"b2bPrice":24.96},"articleSold":false,"deposit":0.0,"depositData":{"b2cPrice":0.0,"b2bPrice":0.0},"vat":{"code":"vat-full-2","value":12.0,"type":"Percentage"},"animalFoodData":{},"fromSweden":false,"availableOnline":true,"isMagazine":false,"nutrientBasis":{},"originCountry":{"code":"ECUADOR","value":"Ecuador"},"replacementCountries":[{"code":"DOMINCAN REPUBL","value":"Dominikanska Republiken"}],"class":"Klass 1","pharmaceuticalData":{"isPharmaceutical":false},"sustainabilityInfo":[{"productScore":[{"score":1.0,"param":"Biologisk mångfald","paramId":"biodiversity"},{"score":2.0,"param":"Klimat","paramId":"climate"},{"score":1.0,"param":"Bördighet","paramId":"soil_fertility"},{"score":2.0,"param":"Vatten","paramId":"water"},{"score":1.0,"param":"Bekämpningsmedel","paramId":"pesticides"},{"score":1.0,"param":"Övergödning","paramId":"eutrophication"},{"score":null,"param":"Djuromsorg och antibiotika","paramId":"animal_welfare_antibiotics"},{"score":5.0,"param":"Arbetsförhållanden","paramId":"working_conditions"},{"score":5.0,"param":"Lokalbefolkning","paramId":"local_population"},{"score":1.0,"param":"Lagefterlevnad och spårbarhet","paramId":"compliance_traceability"}]}],"sustainabilityInfoApplicable":true},{"id":"7300156587718","type":"Product","ean":"7300156587718","name":"Gurka Styck","imageUrl":"http://res.cloudinary.com/coopsverige/image/upload/v1645594695/cloud/199912.tiff","navCategories":[{"code":"334456","name":"Gurka","superCategories":[{"code":"32361","name":"Grönsaker","superCategories":[{"code":"16534","name":"Frukt & Grönsaker","superCategories":[]}]}]}],"packageSizeInformation":"300 g","packageSizeUnit":"Gram","salesPrice":18.95,"salesPriceData":{"b2cPrice":18.95,"b2bPrice":16.92},"piecePrice":18.95,"piecePriceData":{"b2cPrice":18.95,"b2bPrice":16.92},"salesUnit":"Styck","comparativePriceText":"kr/kg","comparativePriceUnit":{"unit":"kg","text":"kr/kg"},"comparativePrice":67.68,"comparativePriceData":{"b2cPrice":67.68,"b2bPrice":60.43},"articleSold":false,"deposit":0.0,"depositData":{"b2cPrice":0.0,"b2bPrice":0.0},"vat":{"code":"vat-full-2","value":12.0,"type":"Percentage"},"animalFoodData":{},"fromSweden":false,"availableOnline":true,"countryOfOriginCodes":[{"code":"752","value":"Sverige"}],"isMagazine":false,"nutrientBasis":{},"originCountry":{"code":"SWEDEN","value":"Sverige"},"replacementCountries":[],"class":"Klass 1","pharmaceuticalData":{"isPharmaceutical":false},"sustainabilityInfoApplicable":true},{"id":"2317417300004","type":"Product","ean":"2317417300004","name":"Äpple","description":"Produkten varierar något i storlek och vikt. När du handlar hos oss visar vi en uppskattad vikt för varan och ett pris baserat på kilopriset. Ni debiteras efter vi plockat ihop era varor den verkliga vikten. Vi garanterar att du alltid betalar för varans verkliga vikt. ","imageUrl":"http://res.cloudinary.com/coopsverige/image/upload/v1440062868/49643.tiff","navCategories":[{"code":"32486","name":"Äpple","superCategories":[{"code":"32484","name":"Frukt & bär","superCategories":[{"code":"16534","name":"Frukt & Grönsaker","superCategories":[]}]}]}],"packageSize":180.0,"packageSizeInformation":"180 gram ungefärlig vikt","packageSizeUnit":"gram ungefärlig vikt","pieceWeight":0.18,"salesPrice":34.9,"salesPriceData":{"b2cPrice":34.9,"b2bPrice":31.16},"piecePrice":6.28,"piecePriceData":{"b2cPrice":6.28,"b2bPrice":5.61},"salesUnit":"Vikt","comparativePriceText":"kr/kg","comparativePriceUnit":{"unit":"kg","text":"kr/kg"},"comparativePrice":34.9,"comparativePriceData":{"b2cPrice":34.9,"b2bPrice":31.16},"articleSold":false,"deposit":0.0,"depositData":{"b2cPrice":0.0,"b2bPrice":0.0},"vat":{"code":"vat-full-2","value":12.0,"type":"Percentage"},"animalFoodData":{},"fromSweden":false,"availableOnline":true,"isMagazine":false,"nutrientBasis":{},"originCountry":{"code":"ITALY","value":"Italien"},"replacementCountries":[],"variety":"Royal Gala","class":"Klass 1","pharmaceuticalData":{"isPharmaceutical":false},"sustainabilityInfoApplicable":true},{"id":"2317466600001","type":"Product","ean":"2317466600001","name":"Gul Lök","description":"Produkten varierar något i storlek och vikt. När du handlar hos oss visar vi en uppskattad vikt för varan och ett pris baserat på kilopriset. Ni debiteras efter vi plockat ihop era varor den verkliga vikten.<br> Vi garanterar att du alltid betalar för varans verkliga vikt.","imageUrl":"http://res.cloudinary.com/coopsverige/image/upload/v1440063196/49691.tiff","navCategories":[{"code":"334459","name":"Lök","superCategories":[{"code":"32361","name":"Grönsaker","superCategories":[{"code":"16534","name":"Frukt & Grönsaker","superCategories":[]}]}]}],"packageSize":195.0,"packageSizeInformation":"195 gram ungefärlig vikt","packageSizeUnit":"gram ungefärlig vikt","pieceWeight":0.195,"salesPrice":14.95,"salesPriceData":{"b2cPrice":14.95,"b2bPrice":13.35},"piecePrice":2.92,"piecePriceData":{"b2cPrice":2.92,"b2bPrice":2.61},"salesUnit":"Vikt","comparativePriceText":"kr/kg","comparativePriceUnit":{"unit":"kg","text":"kr/kg"},"comparativePrice":14.95,"comparativePriceData":{"b2cPrice":14.95,"b2bPrice":13.35},"articleSold":false,"deposit":0.0,"depositData":{"b2cPrice":0.0,"b2bPrice":0.0},"vat":{"code":"vat-full-2","value":12.0,"type":"Percentage"},"animalFoodData":{},"fromSweden":false,"availableOnline":true,"countryOfOriginCodes":[{"code":"752","value":"Sverige"}],"isMagazine":false,"nutrientBasis":{},"originCountry":{"code":"SWEDEN","value":"Sverige"},"replacementCountries":[],"class":"Klass 1","pharmaceuticalData":{"isPharmaceutical":false},"sustainabilityInfo":[{"productScore":[{"score":2.0,"param":"Biologisk mångfald","paramId":"biodiversity"},{"score":1.0,"param":"Klimat","paramId":"climate"},{"score":1.5,"param":"Bördighet","paramId":"soil_fertility"},{"score":2.0,"param":"Vatten","paramId":"water"},{"score":2.0,"param":"Bekämpningsmedel","paramId":"pesticides"},{"score":2.0,"param":"Övergödning","paramId":"eutrophication"},{"score":null,"param":"Djuromsorg och antibiotika","paramId":"animal_welfare_antibiotics"},{"score":1.5,"param":"Arbetsförhållanden","paramId":"working_conditions"},{"score":1.5,"param":"Lokalbefolkning","paramId":"local_population"},{"score":1.0,"param":"Lagefterlevnad och spårbarhet","paramId":"compliance_traceability"}]}],"sustainabilityInfoApplicable":true},{"id":"2317408200009","type":"Product","ean":"2317408200009","name":"Röd lök","description":"Produkten varierar något i storlek och vikt. När du handlar hos oss visar vi en uppskattad vikt för varan och ett pris baserat på kilopriset. Ni debiteras efter vi plockat ihop era varor den verkliga vikten.<br> Vi garanterar att du alltid betalar för varans verkliga vikt.","imageUrl":"http://res.cloudinary.com/coopsverige/image/upload/v1641911542/cloud/24662.tiff","navCategories":[{"code":"334459","name":"Lök","superCategories":[{"code":"32361","name":"Grönsaker","superCategories":[{"code":"16534","name":"Frukt & Grönsaker","superCategories":[]}]}]}],"packageSize":195.0,"packageSizeInformation":"195 gram ungefärlig vikt","packageSizeUnit":"gram ungefärlig vikt","pieceWeight":0.195,"salesPrice":18.95,"salesPriceData":{"b2cPrice":18.95,"b2bPrice":16.92},"piecePrice":3.7,"piecePriceData":{"b2cPrice":3.7,"b2bPrice":3.3},"salesUnit":"Vikt","comparativePriceText":"kr/kg","comparativePriceUnit":{"unit":"kg","text":"kr/kg"},"comparativePrice":18.95,"comparativePriceData":{"b2cPrice":18.95,"b2bPrice":16.92},"articleSold":false,"deposit":0.0,"depositData":{"b2cPrice":0.0,"b2bPrice":0.0},"vat":{"code":"vat-full-2","value":12.0,"type":"Percentage"},"animalFoodData":{},"fromSweden":false,"availableOnline":true,"isMagazine":false,"nutrientBasis":{},"originCountry":{"code":"DENMARK","value":"Danmark"},"replacementCountries":[],"class":"Klass 1","pharmaceuticalData":{"isPharmaceutical":false},"sustainabilityInfo":[{"productScore":[{"score":2.0,"param":"Biologisk mångfald","paramId":"biodiversity"},{"score":1.0,"param":"Klimat","paramId":"climate"},{"score":1.5,"param":"Bördighet","paramId":"soil_fertility"},{"score":2.0,"param":"Vatten","paramId":"water"},{"score":2.0,"param":"Bekämpningsmedel","paramId":"pesticides"},{"score":2.0,"param":"Övergödning","paramId":"eutrophication"},{"score":null,"param":"Djuromsorg och antibiotika","paramId":"animal_welfare_antibiotics"},{"score":1.5,"param":"Arbetsförhållanden","paramId":"working_conditions"},{"score":1.5,"param":"Lokalbefolkning","paramId":"local_population"},{"score":1.0,"param":"Lagefterlevnad och spårbarhet","paramId":"compliance_traceability"}]}],"sustainabilityInfoApplicable":true},{"id":"7300170029584","type":"Product","ean":"7300170029584","name":"Citron","imageUrl":"http://res.cloudinary.com/coopsverige/image/upload/v1630938629/cloud/25194.tiff","navCategories":[{"code":"32492","name":"Citrusfrukt","superCategories":[{"code":"32484","name":"Frukt & bär","superCategories":[{"code":"16534","name":"Frukt & Grönsaker","superCategories":[]}]}]}],"packageSize":130.0,"packageSizeInformation":"130 g","packageSizeUnit":"Gram","salesPrice":7.95,"salesPriceData":{"b2cPrice":7.95,"b2bPrice":7.1},"piecePrice":7.95,"piecePriceData":{"b2cPrice":7.95,"b2bPrice":7.1},"salesUnit":"Styck","comparativePriceText":"kr/kg","comparativePriceUnit":{"unit":"kg","text":"kr/kg"},"comparativePrice":61.15,"comparativePriceData":{"b2cPrice":61.15,"b2bPrice":54.6},"articleSold":false,"deposit":0.0,"depositData":{"b2cPrice":0.0,"b2bPrice":0.0},"vat":{"code":"vat-full-2","value":12.0,"type":"Percentage"},"animalFoodData":{},"onlinePromotions":[{"id":"016001_36105","price":15.0,"priceData":{"b2cPrice":15.0,"b2bPrice":13.39},"startDate":"2025-08-31T22:00:00Z","endDate":"2025-09-07T22:00:00Z","message":"CITRONER 2 FÖR 15 KR-2 för 15:-","type":"MULTI_BUY_FIXED_PRICE","numberOfProductRequired":2,"medMeraRequired":false,"priority":910,"comparativePrice":{"b2cPrice":57.69,"b2bPrice":51.51},"higherThanHistoricalPrice":false}],"fromSweden":false,"availableOnline":true,"countryOfOriginCodes":[{"code":"724","value":"Spanien"}],"isMagazine":false,"nutrientBasis":{},"originCountry":{"code":"SOUTH AFRICA","value":"Sydafrika"},"replacementCountries":[],"class":"Klass 1","pharmaceuticalData":{"isPharmaceutical":false},"sustainabilityInfoApplicable":true},{"id":"2317468800003","type":"Product","ean":"2317468800003","name":"Paprika Röd","description":"Produkten varierar något i storlek och vikt. När du handlar hos oss visar vi en uppskattad vikt för varan och ett pris baserat på kilopriset. Ni debiteras efter vi plockat ihop era varor den verkliga vikten.<br> Vi garanterar att du alltid betalar för varans verkliga vikt.","imageUrl":"http://res.cloudinary.com/coopsverige/image/upload/v1708418328/cloud/328899.jpg","navCategories":[{"code":"198002","name":"Paprika","superCategories":[{"code":"32361","name":"Grönsaker","superCategories":[{"code":"16534","name":"Frukt & Grönsaker","superCategories":[]}]}]}],"packageSize":210.0,"packageSizeInformation":"210 gram ungefärlig vikt","packageSizeUnit":"gram ungefärlig vikt","pieceWeight":0.21,"salesPrice":39.95,"salesPriceData":{"b2cPrice":39.95,"b2bPrice":35.67},"piecePrice":8.39,"piecePriceData":{"b2cPrice":8.39,"b2bPrice":7.49},"salesUnit":"Vikt","comparativePriceText":"kr/kg","comparativePriceUnit":{"unit":"kg","text":"kr/kg"},"comparativePrice":39.95,"comparativePriceData":{"b2cPrice":39.95,"b2bPrice":35.67},"articleSold":false,"deposit":0.0,"depositData":{"b2cPrice":0.0,"b2bPrice":0.0},"vat":{"code":"vat-full-2","value":12.0,"type":"Percentage"},"animalFoodData":{},"fromSweden":false,"availableOnline":true,"isMagazine":false,"nutrientBasis":{},"originCountry":{"code":"THE NETHERLANDS","value":"Nederländerna"},"replacementCountries":[],"class":"Klass 1","pharmaceuticalData":{"isPharmaceutical":false},"sustainabilityInfo":[{"productScore":[{"score":2.0,"param":"Biologisk mångfald","paramId":"biodiversity"},{"score":1.0,"param":"Klimat","paramId":"climate"},{"score":2.0,"param":"Bördighet","paramId":"soil_fertility"},{"score":2.0,"param":"Vatten","paramId":"water"},{"score":2.0,"param":"Bekämpningsmedel","paramId":"pesticides"},{"score":2.0,"param":"Övergödning","paramId":"eutrophication"},{"score":null,"param":"Djuromsorg och antibiotika","paramId":"animal_welfare_antibiotics"},{"score":2.5,"param":"Arbetsförhållanden","paramId":"working_conditions"},{"score":3.0,"param":"Lokalbefolkning","paramId":"local_population"},{"score":3.0,"param":"Lagefterlevnad och spårbarhet","paramId":"compliance_traceability"}]}],"sustainabilityInfoApplicable":true},{"id":"2317445000006","type":"Product","ean":"2317445000006","name":"Clementiner","description":"Produkten varierar något i storlek och vikt. När du handlar hos oss visar vi en uppskattad vikt för varan och ett pris baserat på kilopriset. Ni debiteras efter vi plockat ihop era varor den verkliga vikten. Vi garanterar att du alltid betalar för varans verkliga vikt.","imageUrl":"http://res.cloudinary.com/coopsverige/image/upload/v1646723759/cloud/195112.tiff","navCategories":[{"code":"32492","name":"Citrusfrukt","superCategories":[{"code":"32484","name":"Frukt & bär","superCategories":[{"code":"16534","name":"Frukt & Grönsaker","superCategories":[]}]}]}],"packageSize":110.0,"packageSizeInformation":"110 gram ungefärlig vikt","packageSizeUnit":"gram ungefärlig vikt","pieceWeight":0.11,"salesPrice":35.95,"salesPriceData":{"b2cPrice":35.95,"b2bPrice":32.1},"piecePrice":3.95,"piecePriceData":{"b2cPrice":3.95,"b2bPrice":3.53},"salesUnit":"Vikt","comparativePriceText":"kr/kg","comparativePriceUnit":{"unit":"kg","text":"kr/kg"},"comparativePrice":35.95,"comparativePriceData":{"b2cPrice":35.95,"b2bPrice":32.1},"articleSold":false,"deposit":0.0,"depositData":{"b2cPrice":0.0,"b2bPrice":0.0},"vat":{"code":"vat-full-2","value":12.0,"type":"Percentage"},"animalFoodData":{},"fromSweden":false,"availableOnline":true,"isMagazine":false,"nutrientBasis":{},"originCountry":{"code":"SOUTH AFRICA","value":"Sydafrika"},"replacementCountries":[],"variety":"Nadorcott","class":"Klass 1","pharmaceuticalData":{"isPharmaceutical":false},"sustainabilityInfoApplicable":true},{"id":"2317483300007","type":"Product","ean":"2317483300007","name":"Färskpotatis","description":"Produkten varierar något i storlek och vikt. När du handlar hos oss visar vi en uppskattad vikt för varan och ett pris baserat på kilopriset. Ni debiteras efter vi plockat ihop era varor den verkliga vikten. Vi garanterar att du alltid betalar för varans verkliga vikt.","imageUrl":"http://res.cloudinary.com/coopsverige/image/upload/v1751367491/cloud/494361.png","navCategories":[{"code":"32466","name":"Potatis","superCategories":[{"code":"32361","name":"Grönsaker","superCategories":[{"code":"16534","name":"Frukt & Grönsaker","superCategories":[]}]}]}],"packageSize":1.0,"packageSizeInformation":"1","pieceWeight":1.0,"salesPrice":15.95,"salesPriceData":{"b2cPrice":15.95,"b2bPrice":14.24},"piecePrice":15.95,"piecePriceData":{"b2cPrice":15.95,"b2bPrice":14.24},"salesUnit":"Vikt","comparativePriceText":"kr/kg","comparativePriceUnit":{"unit":"kg","text":"kr/kg"},"comparativePrice":15.95,"comparativePriceData":{"b2cPrice":15.95,"b2bPrice":14.24},"articleSold":false,"deposit":0.0,"depositData":{"b2cPrice":0.0,"b2bPrice":0.0},"vat":{"code":"vat-full-2","value":12.0,"type":"Percentage"},"animalFoodData":{},"variances":[{"code":"ca1000g_2317483300007","name":"Ca 1000 g","quantity":1.0,"unit":"kilogram","price":15.95,"priceData":{"b2cPrice":15.95,"b2bPrice":14.24}},{"code":"ca300g_2317483300007","name":"Ca 300 g","quantity":0.3,"unit":"kilogram","price":4.79,"priceData":{"b2cPrice":4.79,"b2bPrice":4.28}},{"code":"ca800g_2317483300007","name":"Ca 800 g","quantity":0.8,"unit":"kilogram","price":12.76,"priceData":{"b2cPrice":12.76,"b2bPrice":11.39}},{"code":"ca1500g_2317483300007","name":"ca 1500 g","quantity":1.5,"unit":"kilogram","price":23.93,"priceData":{"b2cPrice":23.93,"b2bPrice":21.37}},{"code":"ca500g_2317483300007","name":"Ca 500 g","quantity":0.5,"unit":"kilogram","price":7.98,"priceData":{"b2cPrice":7.98,"b2bPrice":7.13}}],"fromSweden":false,"availableOnline":true,"isMagazine":false,"nutrientBasis":{},"originCountry":{"code":"SWEDEN","value":"Sverige"},"replacementCountries":[],"pharmaceuticalData":{"isPharmaceutical":false},"sustainabilityInfo":[{"productScore":[{"score":2.0,"param":"Biologisk mångfald","paramId":"biodiversity"},{"score":1.0,"param":"Klimat","paramId":"climate"},{"score":2.5,"param":"Bördighet","paramId":"soil_fertility"},{"score":1.5,"param":"Vatten","paramId":"water"},{"score":2.0,"param":"Bekämpningsmedel","paramId":"pesticides"},{"score":2.0,"param":"Övergödning","paramId":"eutrophication"},{"score":null,"param":"Djuromsorg och antibiotika","paramId":"animal_welfare_antibiotics"},{"score":1.0,"param":"Arbetsförhållanden","paramId":"working_conditions"},{"score":1.5,"param":"Lokalbefolkning","paramId":"local_population"},{"score":1.0,"param":"Lagefterlevnad och spårbarhet","paramId":"compliance_traceability"}]}],"sustainabilityInfoApplicable":true},{"id":"2317412800004","type":"Product","ean":"2317412800004","name":"Äpple","description":"Produkten varierar något i storlek och vikt. När du handlar hos oss visar vi en uppskattad vikt för varan och ett pris baserat på kilopriset. Ni debiteras efter vi plockat ihop era varor den verkliga vikten.Vi garanterar att du alltid betalar för varans verkliga vikt.","imageUrl":"http://res.cloudinary.com/coopsverige/image/upload/v1440062808/49636.tiff","navCategories":[{"code":"32486","name":"Äpple","superCategories":[{"code":"32484","name":"Frukt & bär","superCategories":[{"code":"16534","name":"Frukt & Grönsaker","superCategories":[]}]}]}],"packageSize":170.0,"packageSizeInformation":"170 gram ungefärlig vikt","packageSizeUnit":"gram ungefärlig vikt","pieceWeight":0.17,"salesPrice":41.95,"salesPriceData":{"b2cPrice":41.95,"b2bPrice":37.46},"piecePrice":7.13,"piecePriceData":{"b2cPrice":7.13,"b2bPrice":6.37},"salesUnit":"Vikt","comparativePriceText":"kr/kg","comparativePriceUnit":{"unit":"kg","text":"kr/kg"},"comparativePrice":41.95,"comparativePriceData":{"b2cPrice":41.95,"b2bPrice":37.46},"articleSold":false,"deposit":0.0,"depositData":{"b2cPrice":0.0,"b2bPrice":0.0},"vat":{"code":"vat-full-2","value":12.0,"type":"Percentage"},"animalFoodData":{},"fromSweden":false,"availableOnline":true,"isMagazine":false,"nutrientBasis":{},"originCountry":{"code":"SOUTH AFRICA","value":"Sydafrika"},"replacementCountries":[],"variety":"Pink Lady","class":"Klass 1","pharmaceuticalData":{"isPharmaceutical":false},"sustainabilityInfoApplicable":true},{"id":"2317438900009","type":"Product","ean":"2317438900009","name":"Apelsiner","description":"Produkten varierar något i storlek och vikt. När du handlar hos oss visar vi en uppskattad vikt för varan och ett pris baserat på kilopriset. Ni debiteras efter vi plockat ihop era varor den verkliga vikten.<br> Vi garanterar att du alltid betalar för varans verkliga vikt. ","imageUrl":"http://res.cloudinary.com/coopsverige/image/upload/v1581926330/393481.tiff","navCategories":[{"code":"32492","name":"Citrusfrukt","superCategories":[{"code":"32484","name":"Frukt & bär","superCategories":[{"code":"16534","name":"Frukt & Grönsaker","superCategories":[]}]}]}],"packageSize":300.0,"packageSizeInformation":"300 gram ungefärlig vikt","packageSizeUnit":"gram ungefärlig vikt","pieceWeight":0.3,"salesPrice":24.95,"salesPriceData":{"b2cPrice":24.95,"b2bPrice":22.28},"piecePrice":7.49,"piecePriceData":{"b2cPrice":7.49,"b2bPrice":6.69},"salesUnit":"Vikt","comparativePriceText":"kr/kg","comparativePriceUnit":{"unit":"kg","text":"kr/kg"},"comparativePrice":24.95,"comparativePriceData":{"b2cPrice":24.95,"b2bPrice":22.28},"articleSold":false,"deposit":0.0,"depositData":{"b2cPrice":0.0,"b2bPrice":0.0},"vat":{"code":"vat-full-2","value":12.0,"type":"Percentage"},"animalFoodData":{},"fromSweden":false,"availableOnline":true,"isMagazine":false,"nutrientBasis":{},"originCountry":{"code":"SOUTH AFRICA","value":"Sydafrika"},"replacementCountries":[],"variety":"Navelina","class":"Klass 1","pharmaceuticalData":{"isPharmaceutical":false},"sustainabilityInfoApplicable":true},{"id":"7300170040688","type":"Product","ean":"7300170040688","name":"Salladslök","imageUrl":"http://res.cloudinary.com/coopsverige/image/upload/v1445539325/80746.tiff","navCategories":[{"code":"334459","name":"Lök","superCategories":[{"code":"32361","name":"Grönsaker","superCategories":[{"code":"16534","name":"Frukt & Grönsaker","superCategories":[]}]}]}],"packageSize":100.0,"packageSizeInformation":"100 g","packageSizeUnit":"Gram","salesPrice":14.95,"salesPriceData":{"b2cPrice":14.95,"b2bPrice":13.35},"piecePrice":14.95,"piecePriceData":{"b2cPrice":14.95,"b2bPrice":13.35},"salesUnit":"Styck","comparativePriceText":"kr/kg","comparativePriceUnit":{"unit":"kg","text":"kr/kg"},"comparativePrice":149.5,"comparativePriceData":{"b2cPrice":149.5,"b2bPrice":133.48},"articleSold":false,"deposit":0.0,"depositData":{"b2cPrice":0.0,"b2bPrice":0.0},"vat":{"code":"vat-full-2","value":12.0,"type":"Percentage"},"animalFoodData":{},"onlinePromotions":[{"id":"016001_36099","price":25.0,"priceData":{"b2cPrice":25.0,"b2bPrice":22.32},"startDate":"2025-08-31T22:00:00Z","endDate":"2025-09-07T22:00:00Z","message":"SALLADSLÖK 2 FÖR 25 KR-2 för 25:-","type":"MULTI_BUY_FIXED_PRICE","numberOfProductRequired":2,"medMeraRequired":false,"priority":910,"comparativePrice":{"b2cPrice":125.0,"b2bPrice":111.61},"higherThanHistoricalPrice":false}],"fromSweden":false,"availableOnline":true,"isMagazine":false,"nutrientBasis":{},"originCountry":{"code":"GERMANY","value":"Tyskland"},"replacementCountries":[],"class":"Klass 1","pharmaceuticalData":{"isPharmaceutical":false},"sustainabilityInfoApplicable":true},{"id":"2317460800001","type":"Product","ean":"2317460800001","name":"Vitlök","description":"Produkten varierar något i storlek och vikt. När du handlar hos oss visar vi en uppskattad vikt för varan och ett pris baserat på kilopriset. Ni debiteras efter vi plockat ihop era varor den verkliga vikten.<br> Vi garanterar att du alltid betalar för varans verkliga vikt.","imageUrl":"http://res.cloudinary.com/coopsverige/image/upload/v1643966131/cloud/211778.jpg","navCategories":[{"code":"334459","name":"Lök","superCategories":[{"code":"32361","name":"Grönsaker","superCategories":[{"code":"16534","name":"Frukt & Grönsaker","superCategories":[]}]}]}],"packageSize":100.0,"packageSizeInformation":"100 gram ungefärlig vikt","packageSizeUnit":"gram ungefärlig vikt","pieceWeight":0.1,"salesPrice":119.0,"salesPriceData":{"b2cPrice":119.0,"b2bPrice":106.25},"piecePrice":11.9,"piecePriceData":{"b2cPrice":11.9,"b2bPrice":10.63},"salesUnit":"Vikt","comparativePriceText":"kr/kg","comparativePriceUnit":{"unit":"kg","text":"kr/kg"},"comparativePrice":119.0,"comparativePriceData":{"b2cPrice":119.0,"b2bPrice":106.25},"articleSold":false,"deposit":0.0,"depositData":{"b2cPrice":0.0,"b2bPrice":0.0},"vat":{"code":"vat-full-2","value":12.0,"type":"Percentage"},"animalFoodData":{},"fromSweden":false,"availableOnline":true,"isMagazine":false,"nutrientBasis":{},"originCountry":{"code":"SPAIN","value":"Spanien"},"replacementCountries":[],"class":"Klass 1","pharmaceuticalData":{"isPharmaceutical":false},"sustainabilityInfo":[{"productScore":[{"score":2.0,"param":"Biologisk mångfald","paramId":"biodiversity"},{"score":2.0,"param":"Klimat","paramId":"climate"},{"score":2.0,"param":"Bördighet","paramId":"soil_fertility"},{"score":2.0,"param":"Vatten","paramId":"water"},{"score":2.0,"param":"Bekämpningsmedel","paramId":"pesticides"},{"score":2.0,"param":"Övergödning","paramId":"eutrophication"},{"score":null,"param":"Djuromsorg och antibiotika","paramId":"animal_welfare_antibiotics"},{"score":3.0,"param":"Arbetsförhållanden","paramId":"working_conditions"},{"score":3.5,"param":"Lokalbefolkning","paramId":"local_population"},{"score":3.5,"param":"Lagefterlevnad och spårbarhet","paramId":"compliance_traceability"}]}],"sustainabilityInfoApplicable":true},{"id":"2317462900006","type":"Product","ean":"2317462900006","name":"Purjolök","description":"Produkten varierar något i storlek och vikt. När du handlar hos oss visar vi en uppskattad vikt för varan och ett pris baserat på kilopriset. Ni debiteras efter vi plockat ihop era varor den verkliga vikten.<br> Vi garanterar att du alltid betalar för varans verkliga vikt.","imageUrl":"http://res.cloudinary.com/coopsverige/image/upload/v1632412703/cloud/25179.tiff","navCategories":[{"code":"334459","name":"Lök","superCategories":[{"code":"32361","name":"Grönsaker","superCategories":[{"code":"16534","name":"Frukt & Grönsaker","superCategories":[]}]}]}],"packageSize":650.0,"packageSizeInformation":"650 gram ungefärlig vikt","packageSizeUnit":"gram ungefärlig vikt","pieceWeight":0.65,"salesPrice":26.95,"salesPriceData":{"b2cPrice":26.95,"b2bPrice":24.06},"piecePrice":17.52,"piecePriceData":{"b2cPrice":17.52,"b2bPrice":15.64},"promotionPrice":13.0,"promotionPriceData":{"b2cPrice":13.0,"b2bPrice":11.61},"salesUnit":"Vikt","comparativePriceText":"kr/kg","comparativePriceUnit":{"unit":"kg","text":"kr/kg"},"comparativePrice":26.95,"comparativePriceData":{"b2cPrice":26.95,"b2bPrice":24.06},"articleSold":false,"deposit":0.0,"depositData":{"b2cPrice":0.0,"b2bPrice":0.0},"vat":{"code":"vat-full-2","value":12.0,"type":"Percentage"},"animalFoodData":{},"onlinePromotions":[{"id":"016001_136651","price":20.0,"priceData":{"b2cPrice":20.0,"b2bPrice":17.86},"piecePrice":13.0,"piecePriceData":{"b2cPrice":13.0,"b2bPrice":11.61},"startDate":"2025-08-31T22:00:00Z","endDate":"2025-09-07T22:00:00Z","message":"Purjolök-20:- /kg","type":"FIXED_PRICE","medMeraRequired":false,"priority":930,"comparativePrice":{"b2cPrice":20.0,"b2bPrice":17.86},"higherThanHistoricalPrice":false}],"fromSweden":false,"availableOnline":true,"isMagazine":false,"nutrientBasis":{},"originCountry":{"code":"SWEDEN","value":"Sverige"},"replacementCountries":[],"class":"Klass 1","pharmaceuticalData":{"isPharmaceutical":false},"sustainabilityInfo":[{"productScore":[{"score":2.0,"param":"Biologisk mångfald","paramId":"biodiversity"},{"score":1.0,"param":"Klimat","paramId":"climate"},{"score":2.5,"param":"Bördighet","paramId":"soil_fertility"},{"score":1.5,"param":"Vatten","paramId":"water"},{"score":2.0,"param":"Bekämpningsmedel","paramId":"pesticides"},{"score":2.0,"param":"Övergödning","paramId":"eutrophication"},{"score":null,"param":"Djuromsorg och antibiotika","paramId":"animal_welfare_antibiotics"},{"score":1.0,"param":"Arbetsförhållanden","paramId":"working_conditions"},{"score":1.0,"param":"Lokalbefolkning","paramId":"local_population"},{"score":1.0,"param":"Lagefterlevnad och spårbarhet","paramId":"compliance_traceability"}]}],"sustainabilityInfoApplicable":true},{"id":"2317413900000","type":"Product","ean":"2317413900000","name":"Äpple","description":"Produkten varierar något i storlek och vikt. När du handlar hos oss visar vi en uppskattad vikt för varan och ett pris baserat på kilopriset. Ni debiteras efter vi plockat ihop era varor den verkliga vikten. Vi garanterar att du alltid betalar för varans verkliga vikt.","imageUrl":"http://res.cloudinary.com/coopsverige/image/upload/v1440062848/49641.tiff","navCategories":[{"code":"32486","name":"Äpple","superCategories":[{"code":"32484","name":"Frukt & bär","superCategories":[{"code":"16534","name":"Frukt & Grönsaker","superCategories":[]}]}]}],"packageSize":180.0,"packageSizeInformation":"180 gram ungefärlig vikt","packageSizeUnit":"gram ungefärlig vikt","pieceWeight":0.18,"salesPrice":35.95,"salesPriceData":{"b2cPrice":35.95,"b2bPrice":32.1},"piecePrice":6.47,"piecePriceData":{"b2cPrice":6.47,"b2bPrice":5.78},"salesUnit":"Vikt","comparativePriceText":"kr/kg","comparativePriceUnit":{"unit":"kg","text":"kr/kg"},"comparativePrice":35.95,"comparativePriceData":{"b2cPrice":35.95,"b2bPrice":32.1},"articleSold":false,"deposit":0.0,"depositData":{"b2cPrice":0.0,"b2bPrice":0.0},"vat":{"code":"vat-full-2","value":12.0,"type":"Percentage"},"animalFoodData":{},"fromSweden":false,"availableOnline":true,"isMagazine":false,"nutrientBasis":{},"originCountry":{"code":"SPAIN","value":"Spanien"},"replacementCountries":[],"variety":"Granny Smith","class":"Klass 1","pharmaceuticalData":{"isPharmaceutical":false},"sustainabilityInfoApplicable":true},{"id":"2317466400007","type":"Product","ean":"2317466400007","name":"Tomat Kvist","description":"Produkten varierar något i storlek och vikt. När du handlar hos oss visar vi en uppskattad vikt för varan och ett pris baserat på kilopriset. Ni debiteras efter vi plockat ihop era varor den verkliga vikten.<br> Vi garanterar att du alltid betalar för varans verkliga vikt.","imageUrl":"http://res.cloudinary.com/coopsverige/image/upload/v1440063185/49690.tiff","navCategories":[{"code":"32408","name":"Tomat","superCategories":[{"code":"32361","name":"Grönsaker","superCategories":[{"code":"16534","name":"Frukt & Grönsaker","superCategories":[]}]}]}],"packageSize":130.0,"packageSizeInformation":"130 gram ungefärlig vikt","packageSizeUnit":"gram ungefärlig vikt","pieceWeight":0.13,"salesPrice":35.95,"salesPriceData":{"b2cPrice":35.95,"b2bPrice":32.1},"piecePrice":4.67,"piecePriceData":{"b2cPrice":4.67,"b2bPrice":4.17},"salesUnit":"Vikt","comparativePriceText":"kr/kg","comparativePriceUnit":{"unit":"kg","text":"kr/kg"},"comparativePrice":35.95,"comparativePriceData":{"b2cPrice":35.95,"b2bPrice":32.1},"articleSold":false,"deposit":0.0,"depositData":{"b2cPrice":0.0,"b2bPrice":0.0},"vat":{"code":"vat-full-2","value":12.0,"type":"Percentage"},"animalFoodData":{},"fromSweden":false,"availableOnline":true,"isMagazine":false,"nutrientBasis":{},"originCountry":{"code":"THE NETHERLANDS","value":"Nederländerna"},"replacementCountries":[],"class":"Klass 1","pharmaceuticalData":{"isPharmaceutical":false},"sustainabilityInfo":[{"productScore":[{"score":2.0,"param":"Biologisk mångfald","paramId":"biodiversity"},{"score":2.0,"param":"Klimat","paramId":"climate"},{"score":1.0,"param":"Bördighet","paramId":"soil_fertility"},{"score":2.0,"param":"Vatten","paramId":"water"},{"score":2.0,"param":"Bekämpningsmedel","paramId":"pesticides"},{"score":2.0,"param":"Övergödning","paramId":"eutrophication"},{"score":null,"param":"Djuromsorg och antibiotika","paramId":"animal_welfare_antibiotics"},{"score":1.0,"param":"Arbetsförhållanden","paramId":"working_conditions"},{"score":1.0,"param":"Lokalbefolkning","paramId":"local_population"},{"score":1.0,"param":"Lagefterlevnad och spårbarhet","paramId":"compliance_traceability"}]}],"sustainabilityInfoApplicable":true},{"id":"7300170029485","type":"Product","ean":"7300170029485","name":"Lime","description":"Produkten varierar något i storlek och vikt. När du handlar hos oss visar vi en uppskattad vikt för varan och ett pris baserat på kilopriset. Ni debiteras efter vi plockat ihop era varor den verkliga vikten. Vi garanterar att du alltid betalar för varans verkliga vikt.","imageUrl":"http://res.cloudinary.com/coopsverige/image/upload/v1440064012/49833.tiff","navCategories":[{"code":"32492","name":"Citrusfrukt","superCategories":[{"code":"32484","name":"Frukt & bär","superCategories":[{"code":"16534","name":"Frukt & Grönsaker","superCategories":[]}]}]}],"packageSize":90.0,"packageSizeInformation":"90 gram ungefärlig vikt","packageSizeUnit":"gram ungefärlig vikt","pieceWeight":0.09,"salesPrice":6.95,"salesPriceData":{"b2cPrice":6.95,"b2bPrice":6.21},"piecePrice":6.95,"piecePriceData":{"b2cPrice":6.95,"b2bPrice":6.21},"salesUnit":"Styck","comparativePriceText":"kr/kg","comparativePriceUnit":{"unit":"kg","text":"kr/kg"},"comparativePrice":77.22,"comparativePriceData":{"b2cPrice":77.22,"b2bPrice":68.95},"articleSold":false,"deposit":0.0,"depositData":{"b2cPrice":0.0,"b2bPrice":0.0},"vat":{"code":"vat-full-2","value":12.0,"type":"Percentage"},"animalFoodData":{},"onlinePromotions":[{"id":"016001_36098","price":15.0,"priceData":{"b2cPrice":15.0,"b2bPrice":13.39},"startDate":"2025-08-31T22:00:00Z","endDate":"2025-09-07T22:00:00Z","message":"LIME 3 FÖR 15 KR-3 för 15:-","type":"MULTI_BUY_FIXED_PRICE","numberOfProductRequired":3,"medMeraRequired":false,"priority":910,"comparativePrice":{"b2cPrice":55.55,"b2bPrice":49.6},"higherThanHistoricalPrice":false}],"fromSweden":false,"availableOnline":true,"isMagazine":false,"nutrientBasis":{},"originCountry":{"code":"BRAZIL","value":"Brasilien"},"replacementCountries":[],"class":"Klass 1","pharmaceuticalData":{"isPharmaceutical":false},"sustainabilityInfoApplicable":true},{"id":"2317403500005","type":"Product","ean":"2317403500005","name":"Nektarin","description":"Produkten varierar något i storlek och vikt. När du handlar hos oss visar vi en uppskattad vikt för varan och ett pris baserat på kilopriset. Ni debiteras efter vi plockat ihop era varor den verkliga vikten.<br> Vi garanterar att du alltid betalar för varans verkliga vikt.","imageUrl":"http://res.cloudinary.com/coopsverige/image/upload/v1440062728/49623.tiff","navCategories":[{"code":"334451","name":"Nektariner & Persikor","superCategories":[{"code":"32484","name":"Frukt & bär","superCategories":[{"code":"16534","name":"Frukt & Grönsaker","superCategories":[]}]}]}],"packageSize":180.0,"packageSizeInformation":"180 gram ungefärlig vikt","packageSizeUnit":"gram ungefärlig vikt","pieceWeight":0.18,"salesPrice":45.95,"salesPriceData":{"b2cPrice":45.95,"b2bPrice":41.03},"piecePrice":8.27,"piecePriceData":{"b2cPrice":8.27,"b2bPrice":7.38},"salesUnit":"Vikt","comparativePriceText":"kr/kg","comparativePriceUnit":{"unit":"kg","text":"kr/kg"},"comparativePrice":45.95,"comparativePriceData":{"b2cPrice":45.95,"b2bPrice":41.03},"articleSold":false,"deposit":0.0,"depositData":{"b2cPrice":0.0,"b2bPrice":0.0},"vat":{"code":"vat-full-2","value":12.0,"type":"Percentage"},"animalFoodData":{},"fromSweden":false,"availableOnline":true,"isMagazine":false,"nutrientBasis":{},"originCountry":{"code":"ITALY","value":"Italien"},"replacementCountries":[],"class":"Klass 1","pharmaceuticalData":{"isPharmaceutical":false},"sustainabilityInfoApplicable":true},{"id":"7340007902048","type":"Product","ean":"7340007902048","name":"Vitlök","imageUrl":"http://res.cloudinary.com/coopsverige/image/upload/v1642152843/cloud/243004.tiff","navCategories":[{"code":"334459","name":"Lök","superCategories":[{"code":"32361","name":"Grönsaker","superCategories":[{"code":"16534","name":"Frukt & Grönsaker","superCategories":[]}]}]}],"packageSize":100.0,"packageSizeInformation":"100 g","packageSizeUnit":"Gram","pieceWeight":0.1,"salesPrice":12.0,"salesPriceData":{"b2cPrice":12.0,"b2bPrice":10.71},"piecePrice":12.0,"piecePriceData":{"b2cPrice":12.0,"b2bPrice":10.71},"salesUnit":"Styck","comparativePriceText":"kr/kg","comparativePriceUnit":{"unit":"kg","text":"kr/kg"},"comparativePrice":120.0,"comparativePriceData":{"b2cPrice":120.0,"b2bPrice":107.14},"articleSold":false,"deposit":0.0,"depositData":{"b2cPrice":0.0,"b2bPrice":0.0},"vat":{"code":"vat-full-2","value":12.0,"type":"Percentage"},"animalFoodData":{},"fromSweden":false,"availableOnline":true,"countryOfOriginCodes":[{"code":"724","value":"Spanien"}],"isMagazine":false,"nutrientBasis":{},"originCountry":{"code":"SPAIN","value":"Spanien"},"replacementCountries":[],"class":"Klass 1","pharmaceuticalData":{"isPharmaceutical":false},"sustainabilityInfo":[{"productScore":[{"score":2.0,"param":"Biologisk mångfald","paramId":"biodiversity"},{"score":2.0,"param":"Klimat","paramId":"climate"},{"score":2.0,"param":"Bördighet","paramId":"soil_fertility"},{"score":2.0,"param":"Vatten","paramId":"water"},{"score":2.0,"param":"Bekämpningsmedel","paramId":"pesticides"},{"score":2.0,"param":"Övergödning","paramId":"eutrophication"},{"score":null,"param":"Djuromsorg och antibiotika","paramId":"animal_welfare_antibiotics"},{"score":2.5,"param":"Arbetsförhållanden","paramId":"working_conditions"},{"score":3.0,"param":"Lokalbefolkning","paramId":"local_population"},{"score":3.0,"param":"Lagefterlevnad och spårbarhet","paramId":"compliance_traceability"}]}],"sustainabilityInfoApplicable":true},{"id":"7340007905742","type":"Product","ean":"7340007905742","name":"Vitlök Eko","imageUrl":"http://res.cloudinary.com/coopsverige/image/upload/v1756801756/cloud/509837.jpg","navCategories":[{"code":"334459","name":"Lök","superCategories":[{"code":"32361","name":"Grönsaker","superCategories":[{"code":"16534","name":"Frukt & Grönsaker","superCategories":[]}]}]}],"accreditedTags":[{"code":"EU_ORGANIC_FARMING","description":"EU Lövet","imageUrl":"https://res.cloudinary.com/coopsverige/image/upload/cooponline/produktmarkning/EUOrganicFarmingLogo.jpg","priority":180}],"packageSize":100.0,"packageSizeInformation":"100 g","packageSizeUnit":"Gram","salesPrice":14.95,"salesPriceData":{"b2cPrice":14.95,"b2bPrice":13.35},"piecePrice":14.95,"piecePriceData":{"b2cPrice":14.95,"b2bPrice":13.35},"salesUnit":"Styck","comparativePriceText":"kr/kg","comparativePriceUnit":{"unit":"kg","text":"kr/kg"},"comparativePrice":149.5,"comparativePriceData":{"b2cPrice":149.5,"b2bPrice":133.48},"articleSold":false,"deposit":0.0,"depositData":{"b2cPrice":0.0,"b2bPrice":0.0},"vat":{"code":"vat-full-2","value":12.0,"type":"Percentage"},"animalFoodData":{},"fromSweden":false,"availableOnline":true,"isMagazine":false,"nutrientBasis":{},"originCountry":{"code":"SPAIN","value":"Spanien"},"replacementCountries":[],"class":"Klass 1","pharmaceuticalData":{"isPharmaceutical":false},"sustainabilityInfo":[{"productScore":[{"score":1.0,"param":"Biologisk mångfald","paramId":"biodiversity"},{"score":2.0,"param":"Klimat","paramId":"climate"},{"score":1.0,"param":"Bördighet","paramId":"soil_fertility"},{"score":2.0,"param":"Vatten","paramId":"water"},{"score":1.0,"param":"Bekämpningsmedel","paramId":"pesticides"},{"score":1.0,"param":"Övergödning","paramId":"eutrophication"},{"score":null,"param":"Djuromsorg och antibiotika","paramId":"animal_welfare_antibiotics"},{"score":2.5,"param":"Arbetsförhållanden","paramId":"working_conditions"},{"score":3.0,"param":"Lokalbefolkning","paramId":"local_population"},{"score":1.0,"param":"Lagefterlevnad och spårbarhet","paramId":"compliance_traceability"}]}],"sustainabilityInfoApplicable":true},{"id":"2317402100008","type":"Product","ean":"2317402100008","name":"Äpple","description":"Produkten varierar något i storlek och vikt. När du handlar hos oss visar vi en uppskattad vikt för varan och ett pris baserat på kilopriset. Ni debiteras efter vi plockat ihop era varor den verkliga vikten. Vi garanterar att du alltid betalar för varans verkliga vikt.","imageUrl":"http://res.cloudinary.com/coopsverige/image/upload/v1440062677/49617.tiff","navCategories":[{"code":"32486","name":"Äpple","superCategories":[{"code":"32484","name":"Frukt & bär","superCategories":[{"code":"16534","name":"Frukt & Grönsaker","superCategories":[]}]}]}],"packageSize":160.0,"packageSizeInformation":"160 gram ungefärlig vikt","packageSizeUnit":"gram ungefärlig vikt","pieceWeight":0.16,"salesPrice":27.95,"salesPriceData":{"b2cPrice":27.95,"b2bPrice":24.96},"piecePrice":4.47,"piecePriceData":{"b2cPrice":4.47,"b2bPrice":3.99},"salesUnit":"Vikt","comparativePriceText":"kr/kg","comparativePriceUnit":{"unit":"kg","text":"kr/kg"},"comparativePrice":27.95,"comparativePriceData":{"b2cPrice":27.95,"b2bPrice":24.96},"articleSold":false,"deposit":0.0,"depositData":{"b2cPrice":0.0,"b2bPrice":0.0},"vat":{"code":"vat-full-2","value":12.0,"type":"Percentage"},"animalFoodData":{},"fromSweden":false,"availableOnline":true,"isMagazine":false,"nutrientBasis":{},"originCountry":{"code":"ITALY","value":"Italien"},"replacementCountries":[],"variety":"Golden Delicious","class":"Klass 1","pharmaceuticalData":{"isPharmaceutical":false},"sustainabilityInfoApplicable":true},{"id":"7340007902161","type":"Product","ean":"7340007902161","name":"Schalottenlök","imageUrl":"http://res.cloudinary.com/coopsverige/image/upload/v1439901877/48334.tiff","navCategories":[{"code":"334459","name":"Lök","superCategories":[{"code":"32361","name":"Grönsaker","superCategories":[{"code":"16534","name":"Frukt & Grönsaker","superCategories":[]}]}]}],"packageSize":250.0,"packageSizeInformation":"250 g","packageSizeUnit":"Gram","salesPrice":21.95,"salesPriceData":{"b2cPrice":21.95,"b2bPrice":19.6},"piecePrice":21.95,"piecePriceData":{"b2cPrice":21.95,"b2bPrice":19.6},"salesUnit":"Styck","comparativePriceText":"kr/kg","comparativePriceUnit":{"unit":"kg","text":"kr/kg"},"comparativePrice":87.8,"comparativePriceData":{"b2cPrice":87.8,"b2bPrice":78.39},"articleSold":false,"deposit":0.0,"depositData":{"b2cPrice":0.0,"b2bPrice":0.0},"vat":{"code":"vat-full-2","value":12.0,"type":"Percentage"},"animalFoodData":{},"fromSweden":false,"availableOnline":true,"isMagazine":false,"nutrientBasis":{},"originCountry":{"code":"FRANCE","value":"Frankrike"},"replacementCountries":[],"class":"Klass 1","pharmaceuticalData":{"isPharmaceutical":false},"sustainabilityInfo":[{"productScore":[{"score":2.0,"param":"Biologisk mångfald","paramId":"biodiversity"},{"score":1.0,"param":"Klimat","paramId":"climate"},{"score":3.0,"param":"Bördighet","paramId":"soil_fertility"},{"score":1.0,"param":"Vatten","paramId":"water"},{"score":2.0,"param":"Bekämpningsmedel","paramId":"pesticides"},{"score":2.0,"param":"Övergödning","paramId":"eutrophication"},{"score":null,"param":"Djuromsorg och antibiotika","paramId":"animal_welfare_antibiotics"},{"score":1.0,"param":"Arbetsförhållanden","paramId":"working_conditions"},{"score":1.0,"param":"Lokalbefolkning","paramId":"local_population"},{"score":1.0,"param":"Lagefterlevnad och spårbarhet","paramId":"compliance_traceability"}]}],"sustainabilityInfoApplicable":true},{"id":"2317301700002","type":"Product","ean":"2317301700002","name":"Päron","description":"Produkten varierar något i storlek och vikt. När du handlar hos oss visar vi en uppskattad vikt för varan och ett pris baserat på kilopriset. Ni debiteras efter vi plockat ihop era varor den verkliga vikten.<br> Vi garanterar att du alltid betalar för varans verkliga vikt.","imageUrl":"http://res.cloudinary.com/coopsverige/image/upload/v1440062428/49576.tiff","navCategories":[{"code":"32488","name":"Päron","superCategories":[{"code":"32484","name":"Frukt & bär","superCategories":[{"code":"16534","name":"Frukt & Grönsaker","superCategories":[]}]}]}],"packageSize":220.0,"packageSizeInformation":"220 gram ungefärlig vikt","packageSizeUnit":"gram ungefärlig vikt","pieceWeight":0.22,"salesPrice":32.95,"salesPriceData":{"b2cPrice":32.95,"b2bPrice":29.42},"piecePrice":7.25,"piecePriceData":{"b2cPrice":7.25,"b2bPrice":6.47},"salesUnit":"Vikt","comparativePriceText":"kr/kg","comparativePriceUnit":{"unit":"kg","text":"kr/kg"},"comparativePrice":32.95,"comparativePriceData":{"b2cPrice":32.95,"b2bPrice":29.42},"articleSold":false,"deposit":0.0,"depositData":{"b2cPrice":0.0,"b2bPrice":0.0},"vat":{"code":"vat-full-2","value":12.0,"type":"Percentage"},"animalFoodData":{},"fromSweden":false,"availableOnline":true,"isMagazine":false,"nutrientBasis":{},"originCountry":{"code":"THE NETHERLANDS","value":"Nederländerna"},"replacementCountries":[],"variety":"Conference","class":"Klass 1","pharmaceuticalData":{"isPharmaceutical":false},"sustainabilityInfo":[{"productScore":[{"score":2.0,"param":"Biologisk mångfald","paramId":"biodiversity"},{"score":1.0,"param":"Klimat","paramId":"climate"},{"score":1.5,"param":"Bördighet","paramId":"soil_fertility"},{"score":2.0,"param":"Vatten","paramId":"water"},{"score":2.0,"param":"Bekämpningsmedel","paramId":"pesticides"},{"score":2.0,"param":"Övergödning","paramId":"eutrophication"},{"score":null,"param":"Djuromsorg och antibiotika","paramId":"animal_welfare_antibiotics"},{"score":2.5,"param":"Arbetsförhållanden","paramId":"working_conditions"},{"score":1.5,"param":"Lokalbefolkning","paramId":"local_population"},{"score":1.0,"param":"Lagefterlevnad och spårbarhet","paramId":"compliance_traceability"}]}],"sustainabilityInfoApplicable":true},{"id":"2339417300006","type":"Product","ean":"2339417300006","name":"Äpple Eko","description":"Produkten varierar något i storlek och vikt. När du handlar hos oss visar vi en uppskattad vikt för varan och ett pris baserat på kilopriset. Ni debiteras efter vi plockat ihop era varor den verkliga vikten. Vi garanterar att du alltid betalar för varans verkliga vikt.","imageUrl":"http://res.cloudinary.com/coopsverige/image/upload/v1646162266/cloud/182229.tiff","navCategories":[{"code":"32486","name":"Äpple","superCategories":[{"code":"32484","name":"Frukt & bär","superCategories":[{"code":"16534","name":"Frukt & Grönsaker","superCategories":[]}]}]}],"accreditedTags":[{"code":"KRAV_MARK","description":"KRAV","imageUrl":"https://res.cloudinary.com/coopsverige/image/upload/v1750847718/cooponline/Icons/2025/krav-logo_z2ptpn.png","priority":100}],"packageSize":185.0,"packageSizeInformation":"185 gram ungefärlig vikt","packageSizeUnit":"gram ungefärlig vikt","pieceWeight":0.185,"salesPrice":42.95,"salesPriceData":{"b2cPrice":42.95,"b2bPrice":38.35},"piecePrice":7.95,"piecePriceData":{"b2cPrice":7.95,"b2bPrice":7.1},"salesUnit":"Vikt","comparativePriceText":"kr/kg","comparativePriceUnit":{"unit":"kg","text":"kr/kg"},"comparativePrice":42.95,"comparativePriceData":{"b2cPrice":42.95,"b2bPrice":38.35},"articleSold":false,"deposit":0.0,"depositData":{"b2cPrice":0.0,"b2bPrice":0.0},"vat":{"code":"vat-full-2","value":12.0,"type":"Percentage"},"animalFoodData":{},"fromSweden":false,"availableOnline":true,"isMagazine":false,"nutrientBasis":{},"originCountry":{"code":"ITALY","value":"Italien"},"replacementCountries":[],"variety":"Royal Gala","class":"Klass 1","pharmaceuticalData":{"isPharmaceutical":false},"sustainabilityInfoApplicable":true},{"id":"7300170030313","type":"Product","ean":"7300170030313","name":"Grapefrukt Röd","description":"Produkten varierar något i storlek och vikt. När du handlar hos oss visar vi en uppskattad vikt för varan och ett pris baserat på kilopriset. Ni debiteras efter vi plockat ihop era varor den verkliga vikten. Vi garanterar att du alltid betalar för varans verkliga vikt.","imageUrl":"http://res.cloudinary.com/coopsverige/image/upload/v1580737420/392266.jpg","navCategories":[{"code":"32492","name":"Citrusfrukt","superCategories":[{"code":"32484","name":"Frukt & bär","superCategories":[{"code":"16534","name":"Frukt & Grönsaker","superCategories":[]}]}]}],"packageSize":250.0,"packageSizeInformation":"250 g","packageSizeUnit":"Gram","salesPrice":11.95,"salesPriceData":{"b2cPrice":11.95,"b2bPrice":10.67},"piecePrice":11.95,"piecePriceData":{"b2cPrice":11.95,"b2bPrice":10.67},"salesUnit":"Styck","comparativePriceText":"kr/kg","comparativePriceUnit":{"unit":"kg","text":"kr/kg"},"comparativePrice":47.8,"comparativePriceData":{"b2cPrice":47.8,"b2bPrice":42.68},"articleSold":false,"deposit":0.0,"depositData":{"b2cPrice":0.0,"b2bPrice":0.0},"vat":{"code":"vat-full-2","value":12.0,"type":"Percentage"},"animalFoodData":{},"onlinePromotions":[{"id":"016001_36104","price":18.0,"priceData":{"b2cPrice":18.0,"b2bPrice":16.07},"startDate":"2025-08-31T22:00:00Z","endDate":"2025-09-07T22:00:00Z","message":"GRAPE 2 FÖR 18 KR-2 för 18:-","type":"MULTI_BUY_FIXED_PRICE","numberOfProductRequired":2,"medMeraRequired":false,"priority":910,"comparativePrice":{"b2cPrice":36.0,"b2bPrice":32.14},"higherThanHistoricalPrice":false}],"fromSweden":false,"availableOnline":true,"isMagazine":false,"nutrientBasis":{},"originCountry":{"code":"SOUTH AFRICA","value":"Sydafrika"},"replacementCountries":[],"class":"Klass 1","pharmaceuticalData":{"isPharmaceutical":false},"sustainabilityInfoApplicable":true},{"id":"7340007902178","type":"Product","ean":"7340007902178","name":"Vitlök","imageUrl":"http://res.cloudinary.com/coopsverige/image/upload/v1445541944/81083.tiff","navCategories":[{"code":"334459","name":"Lök","superCategories":[{"code":"32361","name":"Grönsaker","superCategories":[{"code":"16534","name":"Frukt & Grönsaker","superCategories":[]}]}]}],"packageSize":250.0,"packageSizeInformation":"250 g","packageSizeUnit":"Gram","salesPrice":29.95,"salesPriceData":{"b2cPrice":29.95,"b2bPrice":26.74},"piecePrice":29.95,"piecePriceData":{"b2cPrice":29.95,"b2bPrice":26.74},"salesUnit":"Styck","comparativePriceText":"kr/kg","comparativePriceUnit":{"unit":"kg","text":"kr/kg"},"comparativePrice":119.8,"comparativePriceData":{"b2cPrice":119.8,"b2bPrice":106.96},"articleSold":false,"deposit":0.0,"depositData":{"b2cPrice":0.0,"b2bPrice":0.0},"vat":{"code":"vat-full-2","value":12.0,"type":"Percentage"},"animalFoodData":{},"fromSweden":false,"availableOnline":true,"isMagazine":false,"nutrientBasis":{},"originCountry":{"code":"SPAIN","value":"Spanien"},"replacementCountries":[],"class":"Klass 1","pharmaceuticalData":{"isPharmaceutical":false},"sustainabilityInfo":[{"productScore":[{"score":2.0,"param":"Biologisk mångfald","paramId":"biodiversity"},{"score":2.0,"param":"Klimat","paramId":"climate"},{"score":2.0,"param":"Bördighet","paramId":"soil_fertility"},{"score":2.0,"param":"Vatten","paramId":"water"},{"score":2.0,"param":"Bekämpningsmedel","paramId":"pesticides"},{"score":2.0,"param":"Övergödning","paramId":"eutrophication"},{"score":null,"param":"Djuromsorg och antibiotika","paramId":"animal_welfare_antibiotics"},{"score":2.5,"param":"Arbetsförhållanden","paramId":"working_conditions"},{"score":3.0,"param":"Lokalbefolkning","paramId":"local_population"},{"score":3.0,"param":"Lagefterlevnad och spårbarhet","paramId":"compliance_traceability"}]}],"sustainabilityInfoApplicable":true},{"id":"2317414700005","type":"Product","ean":"2317414700005","name":"Äpple","description":"Produkten varierar något i storlek och vikt. När du handlar hos oss visar vi en uppskattad vikt för varan och ett pris baserat på kilopriset. Ni debiteras efter vi plockat ihop era varor den verkliga vikten. Vi garanterar att du alltid betalar för varans verkliga vikt.","imageUrl":"http://res.cloudinary.com/coopsverige/image/upload/v1440062857/49642.tiff","navCategories":[{"code":"32486","name":"Äpple","superCategories":[{"code":"32484","name":"Frukt & bär","superCategories":[{"code":"16534","name":"Frukt & Grönsaker","superCategories":[]}]}]}],"packageSize":250.0,"packageSizeInformation":"250 gram ungefärlig vikt","packageSizeUnit":"gram ungefärlig vikt","pieceWeight":0.25,"salesPrice":29.95,"salesPriceData":{"b2cPrice":29.95,"b2bPrice":26.74},"piecePrice":7.49,"piecePriceData":{"b2cPrice":7.49,"b2bPrice":6.69},"salesUnit":"Vikt","comparativePriceText":"kr/kg","comparativePriceUnit":{"unit":"kg","text":"kr/kg"},"comparativePrice":29.95,"comparativePriceData":{"b2cPrice":29.95,"b2bPrice":26.74},"articleSold":false,"deposit":0.0,"depositData":{"b2cPrice":0.0,"b2bPrice":0.0},"vat":{"code":"vat-full-2","value":12.0,"type":"Percentage"},"animalFoodData":{},"fromSweden":false,"availableOnline":true,"countryOfOriginCodes":[{"code":"616","value":"Polen"}],"isMagazine":false,"nutrientBasis":{},"originCountry":{"code":"POLAND","value":"Polen"},"replacementCountries":[],"variety":"Jonagored","class":"Klass 1","pharmaceuticalData":{"isPharmaceutical":false},"sustainabilityInfoApplicable":true},{"id":"7340007902208","type":"Product","ean":"7340007902208","name":"Silverlök","imageUrl":"http://res.cloudinary.com/coopsverige/image/upload/v1445538589/80670.tiff","navCategories":[{"code":"334459","name":"Lök","superCategories":[{"code":"32361","name":"Grönsaker","superCategories":[{"code":"16534","name":"Frukt & Grönsaker","superCategories":[]}]}]}],"packageSize":300.0,"packageSizeInformation":"300 g","packageSizeUnit":"Gram","salesPrice":19.95,"salesPriceData":{"b2cPrice":19.95,"b2bPrice":17.81},"piecePrice":19.95,"piecePriceData":{"b2cPrice":19.95,"b2bPrice":17.81},"salesUnit":"Styck","comparativePriceText":"kr/kg","comparativePriceUnit":{"unit":"kg","text":"kr/kg"},"comparativePrice":66.5,"comparativePriceData":{"b2cPrice":66.5,"b2bPrice":59.38},"articleSold":false,"deposit":0.0,"depositData":{"b2cPrice":0.0,"b2bPrice":0.0},"vat":{"code":"vat-full-2","value":12.0,"type":"Percentage"},"animalFoodData":{},"fromSweden":false,"availableOnline":true,"countryOfOriginCodes":[{"code":"724","value":"Spanien"}],"isMagazine":false,"nutrientBasis":{},"originCountry":{"code":"SPAIN","value":"Spanien"},"replacementCountries":[],"class":"Klass 1","pharmaceuticalData":{"isPharmaceutical":false},"sustainabilityInfo":[{"productScore":[{"score":2.0,"param":"Biologisk mångfald","paramId":"biodiversity"},{"score":1.0,"param":"Klimat","paramId":"climate"},{"score":2.0,"param":"Bördighet","paramId":"soil_fertility"},{"score":2.0,"param":"Vatten","paramId":"water"},{"score":2.0,"param":"Bekämpningsmedel","paramId":"pesticides"},{"score":2.0,"param":"Övergödning","paramId":"eutrophication"},{"score":null,"param":"Djuromsorg och antibiotika","paramId":"animal_welfare_antibiotics"},{"score":1.0,"param":"Arbetsförhållanden","paramId":"working_conditions"},{"score":1.0,"param":"Lokalbefolkning","paramId":"local_population"},{"score":1.0,"param":"Lagefterlevnad och spårbarhet","paramId":"compliance_traceability"}]}],"sustainabilityInfoApplicable":true},{"id":"7340007902215","type":"Product","ean":"7340007902215","name":"Steklök","imageUrl":"http://res.cloudinary.com/coopsverige/image/upload/v1649316039/cloud/31723.tiff","navCategories":[{"code":"334459","name":"Lök","superCategories":[{"code":"32361","name":"Grönsaker","superCategories":[{"code":"16534","name":"Frukt & Grönsaker","superCategories":[]}]}]}],"packageSize":250.0,"packageSizeInformation":"250 g","packageSizeUnit":"Gram","salesPrice":17.95,"salesPriceData":{"b2cPrice":17.95,"b2bPrice":16.03},"piecePrice":17.95,"piecePriceData":{"b2cPrice":17.95,"b2bPrice":16.03},"salesUnit":"Styck","comparativePriceText":"kr/kg","comparativePriceUnit":{"unit":"kg","text":"kr/kg"},"comparativePrice":71.8,"comparativePriceData":{"b2cPrice":71.8,"b2bPrice":64.11},"articleSold":false,"deposit":0.0,"depositData":{"b2cPrice":0.0,"b2bPrice":0.0},"vat":{"code":"vat-full-2","value":12.0,"type":"Percentage"},"animalFoodData":{},"fromSweden":false,"availableOnline":true,"isMagazine":false,"nutrientBasis":{},"originCountry":{"code":"SPAIN","value":"Spanien"},"replacementCountries":[],"class":"Klass 1","pharmaceuticalData":{"isPharmaceutical":false},"sustainabilityInfo":[{"productScore":[{"score":3.5,"param":"Biologisk mångfald","paramId":"biodiversity"},{"score":1.0,"param":"Klimat","paramId":"climate"},{"score":2.5,"param":"Bördighet","paramId":"soil_fertility"},{"score":1.5,"param":"Vatten","paramId":"water"},{"score":2.0,"param":"Bekämpningsmedel","paramId":"pesticides"},{"score":2.5,"param":"Övergödning","paramId":"eutrophication"},{"score":null,"param":"Djuromsorg och antibiotika","paramId":"animal_welfare_antibiotics"},{"score":1.0,"param":"Arbetsförhållanden","paramId":"working_conditions"},{"score":1.0,"param":"Lokalbefolkning","paramId":"local_population"},{"score":1.0,"param":"Lagefterlevnad och spårbarhet","paramId":"compliance_traceability"}]}],"sustainabilityInfoApplicable":true},{"id":"7340007926143","type":"Product","ean":"7340007926143","name":"Äpple","description":"Möjliga sorter för denna produkt: Cox, Santana, Elise, Ingrid Marie, Aroma.","imageUrl":"http://res.cloudinary.com/coopsverige/image/upload/v1747655871/cloud/481541.jpg","navCategories":[{"code":"32486","name":"Äpple","superCategories":[{"code":"32484","name":"Frukt & bär","superCategories":[{"code":"16534","name":"Frukt & Grönsaker","superCategories":[]}]}]}],"packageSizeInformation":"1 kg","packageSizeUnit":"ST","salesPrice":29.95,"salesPriceData":{"b2cPrice":29.95,"b2bPrice":26.74},"piecePrice":29.95,"piecePriceData":{"b2cPrice":29.95,"b2bPrice":26.74},"salesUnit":"Styck","comparativePriceText":"kr/kg","comparativePriceUnit":{"unit":"kg","text":"kr/kg"},"comparativePrice":29.95,"comparativePriceData":{"b2cPrice":29.95,"b2bPrice":26.74},"articleSold":false,"deposit":0.0,"depositData":{"b2cPrice":0.0,"b2bPrice":0.0},"vat":{"code":"vat-full-2","value":12.0,"type":"Percentage"},"animalFoodData":{},"fromSweden":false,"availableOnline":true,"isMagazine":false,"nutrientBasis":{},"originCountry":{"code":"SWEDEN","value":"Sverige"},"replacementCountries":[],"variety":"Frida","class":"Klass 1","pharmaceuticalData":{"isPharmaceutical":false},"sustainabilityInfo":[{"productScore":[{"score":4.0,"param":"Biologisk mångfald","paramId":"biodiversity"},{"score":1.0,"param":"Klimat","paramId":"climate"},{"score":3.0,"param":"Bördighet","paramId":"soil_fertility"},{"score":1.0,"param":"Vatten","paramId":"water"},{"score":2.0,"param":"Bekämpningsmedel","paramId":"pesticides"},{"score":3.0,"param":"Övergödning","paramId":"eutrophication"},{"score":null,"param":"Djuromsorg och antibiotika","paramId":"animal_welfare_antibiotics"},{"score":1.0,"param":"Arbetsförhållanden","paramId":"working_conditions"},{"score":1.0,"param":"Lokalbefolkning","paramId":"local_population"},{"score":1.0,"param":"Lagefterlevnad och spårbarhet","paramId":"compliance_traceability"}]}],"sustainabilityInfoApplicable":true},{"id":"7300156598950","type":"Product","ean":"7300156598950","name":"Babyplommontomater","manufacturerName":"COOP","imageUrl":"http://res.cloudinary.com/coopsverige/image/upload/v1727857153/cloud/391210.jpg","navCategories":[{"code":"32408","name":"Tomat","superCategories":[{"code":"32361","name":"Grönsaker","superCategories":[{"code":"16534","name":"Frukt & Grönsaker","superCategories":[]}]}]}],"packageSize":250.0,"packageSizeInformation":"250 g","packageSizeUnit":"Gram","salesPrice":24.95,"salesPriceData":{"b2cPrice":24.95,"b2bPrice":22.28},"piecePrice":24.95,"piecePriceData":{"b2cPrice":24.95,"b2bPrice":22.28},"salesUnit":"Styck","comparativePriceText":"kr/kg","comparativePriceUnit":{"unit":"kg","text":"kr/kg"},"comparativePrice":99.8,"comparativePriceData":{"b2cPrice":99.8,"b2bPrice":89.11},"articleSold":false,"deposit":0.0,"depositData":{"b2cPrice":0.0,"b2bPrice":0.0},"vat":{"code":"vat-full-2","value":12.0,"type":"Percentage"},"animalFoodData":{},"onlinePromotions":[{"id":"016001_36097","price":40.0,"priceData":{"b2cPrice":40.0,"b2bPrice":35.71},"startDate":"2025-08-31T22:00:00Z","endDate":"2025-09-07T22:00:00Z","message":"TOMAT SÖTA 2 FÖR 40 KR-2 för 40:-","type":"MULTI_BUY_FIXED_PRICE","numberOfProductRequired":2,"medMeraRequired":false,"priority":910,"comparativePrice":{"b2cPrice":80.0,"b2bPrice":71.43},"higherThanHistoricalPrice":false}],"fromSweden":false,"availableOnline":true,"isMagazine":false,"nutrientBasis":{},"originCountry":{"code":"MOROCCO","value":"Marocko"},"replacementCountries":[{"code":"THE NETHERLANDS","value":"Nederländerna"}],"class":"Klass 1","pharmaceuticalData":{"isPharmaceutical":false},"sustainabilityInfoApplicable":true},{"id":"2317406300008","type":"Product","ean":"2317406300008","name":"Tomat ","description":"Produkten varierar något i storlek och vikt. När du handlar hos oss visar vi en uppskattad vikt för varan och ett pris baserat på kilopriset. Ni debiteras efter vi plockat ihop era varor den verkliga vikten.<br> Vi garanterar att du alltid betalar för varans verkliga vikt.","imageUrl":"http://res.cloudinary.com/coopsverige/image/upload/v1445033204/49629.tiff","navCategories":[{"code":"32408","name":"Tomat","superCategories":[{"code":"32361","name":"Grönsaker","superCategories":[{"code":"16534","name":"Frukt & Grönsaker","superCategories":[]}]}]}],"packageSize":130.0,"packageSizeInformation":"130 gram ungefärlig vikt","packageSizeUnit":"gram ungefärlig vikt","pieceWeight":0.13,"salesPrice":37.95,"salesPriceData":{"b2cPrice":37.95,"b2bPrice":33.88},"piecePrice":4.93,"piecePriceData":{"b2cPrice":4.93,"b2bPrice":4.4},"salesUnit":"Vikt","comparativePriceText":"kr/kg","comparativePriceUnit":{"unit":"kg","text":"kr/kg"},"comparativePrice":37.95,"comparativePriceData":{"b2cPrice":37.95,"b2bPrice":33.88},"articleSold":false,"deposit":0.0,"depositData":{"b2cPrice":0.0,"b2bPrice":0.0},"vat":{"code":"vat-full-2","value":12.0,"type":"Percentage"},"animalFoodData":{},"fromSweden":false,"availableOnline":true,"countryOfOriginCodes":[{"code":"724","value":"Spanien"}],"isMagazine":false,"nutrientBasis":{},"originCountry":{"code":"THE NETHERLANDS","value":"Nederländerna"},"replacementCountries":[],"class":"Klass 1","pharmaceuticalData":{"isPharmaceutical":false},"sustainabilityInfo":[{"productScore":[{"score":2.0,"param":"Biologisk mångfald","paramId":"biodiversity"},{"score":1.5,"param":"Klimat","paramId":"climate"},{"score":2.5,"param":"Bördighet","paramId":"soil_fertility"},{"score":1.5,"param":"Vatten","paramId":"water"},{"score":2.0,"param":"Bekämpningsmedel","paramId":"pesticides"},{"score":2.0,"param":"Övergödning","paramId":"eutrophication"},{"score":null,"param":"Djuromsorg och antibiotika","paramId":"animal_welfare_antibiotics"},{"score":2.0,"param":"Arbetsförhållanden","paramId":"working_conditions"},{"score":2.5,"param":"Lokalbefolkning","paramId":"local_population"},{"score":1.0,"param":"Lagefterlevnad och spårbarhet","paramId":"compliance_traceability"}]}],"sustainabilityInfoApplicable":true},{"id":"2317468900000","type":"Product","ean":"2317468900000","name":"Paprika Gul","description":"Produkten varierar något i storlek och vikt. När du handlar hos oss visar vi en uppskattad vikt för varan och ett pris baserat på kilopriset. Ni debiteras efter vi plockat ihop era varor den verkliga vikten.<br> Vi garanterar att du alltid betalar för varans verkliga vikt.","imageUrl":"http://res.cloudinary.com/coopsverige/image/upload/v1440063224/49695.tiff","navCategories":[{"code":"198002","name":"Paprika","superCategories":[{"code":"32361","name":"Grönsaker","superCategories":[{"code":"16534","name":"Frukt & Grönsaker","superCategories":[]}]}]}],"packageSize":225.0,"packageSizeInformation":"225 gram ungefärlig vikt","packageSizeUnit":"gram ungefärlig vikt","pieceWeight":0.225,"salesPrice":49.95,"salesPriceData":{"b2cPrice":49.95,"b2bPrice":44.6},"piecePrice":11.24,"piecePriceData":{"b2cPrice":11.24,"b2bPrice":10.04},"salesUnit":"Vikt","comparativePriceText":"kr/kg","comparativePriceUnit":{"unit":"kg","text":"kr/kg"},"comparativePrice":49.95,"comparativePriceData":{"b2cPrice":49.95,"b2bPrice":44.6},"articleSold":false,"deposit":0.0,"depositData":{"b2cPrice":0.0,"b2bPrice":0.0},"vat":{"code":"vat-full-2","value":12.0,"type":"Percentage"},"animalFoodData":{},"fromSweden":false,"availableOnline":true,"isMagazine":false,"nutrientBasis":{},"originCountry":{"code":"THE NETHERLANDS","value":"Nederländerna"},"replacementCountries":[],"class":"Klass 1","pharmaceuticalData":{"isPharmaceutical":false},"sustainabilityInfo":[{"productScore":[{"score":2.0,"param":"Biologisk mångfald","paramId":"biodiversity"},{"score":2.0,"param":"Klimat","paramId":"climate"},{"score":2.0,"param":"Bördighet","paramId":"soil_fertility"},{"score":2.0,"param":"Vatten","paramId":"water"},{"score":2.0,"param":"Bekämpningsmedel","paramId":"pesticides"},{"score":2.0,"param":"Övergödning","paramId":"eutrophication"},{"score":null,"param":"Djuromsorg och antibiotika","paramId":"animal_welfare_antibiotics"},{"score":1.5,"param":"Arbetsförhållanden","paramId":"working_conditions"},{"score":2.0,"param":"Lokalbefolkning","paramId":"local_population"},{"score":2.0,"param":"Lagefterlevnad och spårbarhet","paramId":"compliance_traceability"}]}],"sustainabilityInfoApplicable":true},{"id":"7300156596734","type":"Product","ean":"7300156596734","name":"Lök Gul","manufacturerName":"COOP","imageUrl":"http://res.cloudinary.com/coopsverige/image/upload/v1699258907/cloud/297908.jpg","navCategories":[{"code":"334459","name":"Lök","superCategories":[{"code":"32361","name":"Grönsaker","superCategories":[{"code":"16534","name":"Frukt & Grönsaker","superCategories":[]}]}]}],"packageSize":1000.0,"packageSizeInformation":"1000 g","packageSizeUnit":"Gram","salesPrice":14.95,"salesPriceData":{"b2cPrice":14.95,"b2bPrice":13.35},"piecePrice":14.95,"piecePriceData":{"b2cPrice":14.95,"b2bPrice":13.35},"salesUnit":"Styck","comparativePriceText":"kr/kg","comparativePriceUnit":{"unit":"kg","text":"kr/kg"},"comparativePrice":14.95,"comparativePriceData":{"b2cPrice":14.95,"b2bPrice":13.35},"articleSold":false,"deposit":0.0,"depositData":{"b2cPrice":0.0,"b2bPrice":0.0},"vat":{"code":"vat-full-2","value":12.0,"type":"Percentage"},"animalFoodData":{},"fromSweden":false,"availableOnline":true,"isMagazine":false,"nutrientBasis":{},"originCountry":{"code":"SWEDEN","value":"Sverige"},"replacementCountries":[],"class":"Klass 1","pharmaceuticalData":{"isPharmaceutical":false},"sustainabilityInfoApplicable":true},{"id":"2317406100004","type":"Product","ean":"2317406100004","name":"Isbergsallat","description":"Produkten varierar något i storlek och vikt. När du handlar hos oss visar vi en uppskattad vikt för varan och ett pris baserat på kilopriset. Ni debiteras efter vi plockat ihop era varor den verkliga vikten.<br> Vi garanterar att du alltid betalar för varans verkliga vikt.","imageUrl":"http://res.cloudinary.com/coopsverige/image/upload/v1440062755/49628.tiff","navCategories":[{"code":"32456","name":"Sallad & Groddar","superCategories":[{"code":"32361","name":"Grönsaker","superCategories":[{"code":"16534","name":"Frukt & Grönsaker","superCategories":[]}]}]}],"packageSize":750.0,"packageSizeInformation":"750 gram ungefärlig vikt","packageSizeUnit":"gram ungefärlig vikt","pieceWeight":0.75,"salesPrice":33.95,"salesPriceData":{"b2cPrice":33.95,"b2bPrice":30.31},"piecePrice":25.46,"piecePriceData":{"b2cPrice":25.46,"b2bPrice":22.73},"salesUnit":"Vikt","comparativePriceText":"kr/kg","comparativePriceUnit":{"unit":"kg","text":"kr/kg"},"comparativePrice":33.95,"comparativePriceData":{"b2cPrice":33.95,"b2bPrice":30.31},"articleSold":false,"deposit":0.0,"depositData":{"b2cPrice":0.0,"b2bPrice":0.0},"vat":{"code":"vat-full-2","value":12.0,"type":"Percentage"},"animalFoodData":{},"fromSweden":false,"availableOnline":true,"isMagazine":false,"nutrientBasis":{},"originCountry":{"code":"SWEDEN","value":"Sverige"},"replacementCountries":[],"class":"Klass 1","pharmaceuticalData":{"isPharmaceutical":false},"sustainabilityInfo":[{"productScore":[{"score":2.0,"param":"Biologisk mångfald","paramId":"biodiversity"},{"score":1.0,"param":"Klimat","paramId":"climate"},{"score":2.0,"param":"Bördighet","paramId":"soil_fertility"},{"score":2.0,"param":"Vatten","paramId":"water"},{"score":2.0,"param":"Bekämpningsmedel","paramId":"pesticides"},{"score":2.0,"param":"Övergödning","paramId":"eutrophication"},{"score":null,"param":"Djuromsorg och antibiotika","paramId":"animal_welfare_antibiotics"},{"score":2.0,"param":"Arbetsförhållanden","paramId":"working_conditions"},{"score":2.5,"param":"Lokalbefolkning","paramId":"local_population"},{"score":1.0,"param":"Lagefterlevnad och spårbarhet","paramId":"compliance_traceability"}]}],"sustainabilityInfoApplicable":true},{"id":"7340007904530","type":"Product","ean":"7340007904530","name":"Tomat Kvist Eko 500Gr","imageUrl":"http://res.cloudinary.com/coopsverige/image/upload/v1445542176/81116.tiff","navCategories":[{"code":"32408","name":"Tomat","superCategories":[{"code":"32361","name":"Grönsaker","superCategories":[{"code":"16534","name":"Frukt & Grönsaker","superCategories":[]}]}]}],"accreditedTags":[{"code":"EU_ORGANIC_FARMING","description":"EU Lövet","imageUrl":"https://res.cloudinary.com/coopsverige/image/upload/cooponline/produktmarkning/EUOrganicFarmingLogo.jpg","priority":180}],"packageSize":500.0,"packageSizeInformation":"500 GR","packageSizeUnit":"Gram","salesPrice":39.95,"salesPriceData":{"b2cPrice":39.95,"b2bPrice":35.67},"piecePrice":39.95,"piecePriceData":{"b2cPrice":39.95,"b2bPrice":35.67},"salesUnit":"Styck","comparativePriceText":"kr/kg","comparativePriceUnit":{"unit":"kg","text":"kr/kg"},"comparativePrice":79.9,"comparativePriceData":{"b2cPrice":79.9,"b2bPrice":71.34},"articleSold":false,"deposit":0.0,"depositData":{"b2cPrice":0.0,"b2bPrice":0.0},"vat":{"code":"vat-full-2","value":12.0,"type":"Percentage"},"animalFoodData":{},"fromSweden":false,"availableOnline":true,"isMagazine":false,"nutrientBasis":{},"originCountry":{"code":"SPAIN","value":"Spanien"},"replacementCountries":[],"class":"Klass 1","pharmaceuticalData":{"isPharmaceutical":false},"sustainabilityInfo":[{"productScore":[{"score":1.0,"param":"Biologisk mångfald","paramId":"biodiversity"},{"score":2.0,"param":"Klimat","paramId":"climate"},{"score":1.0,"param":"Bördighet","paramId":"soil_fertility"},{"score":2.0,"param":"Vatten","paramId":"water"},{"score":1.0,"param":"Bekämpningsmedel","paramId":"pesticides"},{"score":1.0,"param":"Övergödning","paramId":"eutrophication"},{"score":null,"param":"Djuromsorg och antibiotika","paramId":"animal_welfare_antibiotics"},{"score":2.0,"param":"Arbetsförhållanden","paramId":"working_conditions"},{"score":2.5,"param":"Lokalbefolkning","paramId":"local_population"},{"score":1.0,"param":"Lagefterlevnad och spårbarhet","paramId":"compliance_traceability"}]}],"sustainabilityInfoApplicable":true},{"id":"7340007904370","type":"Product","ean":"7340007904370","name":"Tomat Cocktail Eko","imageUrl":"http://res.cloudinary.com/coopsverige/image/upload/v1439904729/48787.tiff","navCategories":[{"code":"32408","name":"Tomat","superCategories":[{"code":"32361","name":"Grönsaker","superCategories":[{"code":"16534","name":"Frukt & Grönsaker","superCategories":[]}]}]}],"packageSizeInformation":"250 gr","salesPrice":24.95,"salesPriceData":{"b2cPrice":24.95,"b2bPrice":22.28},"piecePrice":24.95,"piecePriceData":{"b2cPrice":24.95,"b2bPrice":22.28},"salesUnit":"Styck","comparativePriceText":"kr/kg","comparativePriceUnit":{"unit":"kg","text":"kr/kg"},"comparativePrice":99.8,"comparativePriceData":{"b2cPrice":99.8,"b2bPrice":89.11},"articleSold":false,"deposit":0.0,"depositData":{"b2cPrice":0.0,"b2bPrice":0.0},"vat":{"code":"vat-full-2","value":12.0,"type":"Percentage"},"animalFoodData":{},"fromSweden":false,"availableOnline":true,"isMagazine":false,"nutrientBasis":{},"originCountry":{"code":"SPAIN","value":"Spanien"},"replacementCountries":[],"class":"Klass 1","pharmaceuticalData":{"isPharmaceutical":false},"sustainabilityInfo":[{"productScore":[{"score":1.0,"param":"Biologisk mångfald","paramId":"biodiversity"},{"score":2.0,"param":"Klimat","paramId":"climate"},{"score":1.0,"param":"Bördighet","paramId":"soil_fertility"},{"score":2.0,"param":"Vatten","paramId":"water"},{"score":1.0,"param":"Bekämpningsmedel","paramId":"pesticides"},{"score":1.0,"param":"Övergödning","paramId":"eutrophication"},{"score":null,"param":"Djuromsorg och antibiotika","paramId":"animal_welfare_antibiotics"},{"score":2.5,"param":"Arbetsförhållanden","paramId":"working_conditions"},{"score":4.0,"param":"Lokalbefolkning","paramId":"local_population"},{"score":1.0,"param":"Lagefterlevnad och spårbarhet","paramId":"compliance_traceability"}]}],"sustainabilityInfoApplicable":true},{"id":"7340007915802","type":"Product","ean":"7340007915802","name":"Tomater Mix Gourmet  ","imageUrl":"http://res.cloudinary.com/coopsverige/image/upload/v1591770225/401222.tiff","navCategories":[{"code":"32408","name":"Tomat","superCategories":[{"code":"32361","name":"Grönsaker","superCategories":[{"code":"16534","name":"Frukt & Grönsaker","superCategories":[]}]}]}],"packageSize":300.0,"packageSizeInformation":"250 GR","salesPrice":34.95,"salesPriceData":{"b2cPrice":34.95,"b2bPrice":31.21},"piecePrice":34.95,"piecePriceData":{"b2cPrice":34.95,"b2bPrice":31.21},"salesUnit":"Styck","comparativePriceText":"kr/kg","comparativePriceUnit":{"unit":"kg","text":"kr/kg"},"comparativePrice":116.5,"comparativePriceData":{"b2cPrice":116.5,"b2bPrice":104.02},"articleSold":false,"deposit":0.0,"depositData":{"b2cPrice":0.0,"b2bPrice":0.0},"vat":{"code":"vat-full-2","value":12.0,"type":"Percentage"},"animalFoodData":{},"fromSweden":false,"availableOnline":true,"isMagazine":false,"nutrientBasis":{},"originCountry":{"code":"SWEDEN","value":"Sverige"},"replacementCountries":[],"class":"Klass 1","pharmaceuticalData":{"isPharmaceutical":false},"sustainabilityInfo":[{"productScore":[{"score":2.0,"param":"Biologisk mångfald","paramId":"biodiversity"},{"score":1.0,"param":"Klimat","paramId":"climate"},{"score":3.0,"param":"Bördighet","paramId":"soil_fertility"},{"score":1.0,"param":"Vatten","paramId":"water"},{"score":2.0,"param":"Bekämpningsmedel","paramId":"pesticides"},{"score":2.0,"param":"Övergödning","paramId":"eutrophication"},{"score":null,"param":"Djuromsorg och antibiotika","paramId":"animal_welfare_antibiotics"},{"score":1.0,"param":"Arbetsförhållanden","paramId":"working_conditions"},{"score":1.0,"param":"Lokalbefolkning","paramId":"local_population"},{"score":1.0,"param":"Lagefterlevnad och spårbarhet","paramId":"compliance_traceability"}]}],"sustainabilityInfoApplicable":true},{"id":"7311041045183","type":"Product","ean":"7311041045183","name":"Tomat Cocktail Kvist","imageUrl":"http://res.cloudinary.com/coopsverige/image/upload/v1697010599/cloud/292726.tiff","navCategories":[{"code":"32408","name":"Tomat","superCategories":[{"code":"32361","name":"Grönsaker","superCategories":[{"code":"16534","name":"Frukt & Grönsaker","superCategories":[]}]}]}],"packageSize":500.0,"packageSizeInformation":"500g","packageSizeUnit":"ST","salesPrice":42.95,"salesPriceData":{"b2cPrice":42.95,"b2bPrice":38.35},"piecePrice":42.95,"piecePriceData":{"b2cPrice":42.95,"b2bPrice":38.35},"salesUnit":"Styck","comparativePriceText":"kr/kg","comparativePriceUnit":{"unit":"kg","text":"kr/kg"},"comparativePrice":85.9,"comparativePriceData":{"b2cPrice":85.9,"b2bPrice":76.7},"articleSold":false,"deposit":0.0,"depositData":{"b2cPrice":0.0,"b2bPrice":0.0},"vat":{"code":"vat-full-2","value":12.0,"type":"Percentage"},"animalFoodData":{},"fromSweden":false,"availableOnline":true,"isMagazine":false,"nutrientBasis":{},"originCountry":{"code":"SPAIN","value":"Spanien"},"replacementCountries":[],"class":"Klass 1","pharmaceuticalData":{"isPharmaceutical":false},"sustainabilityInfo":[{"productScore":[{"score":2.0,"param":"Biologisk mångfald","paramId":"biodiversity"},{"score":2.0,"param":"Klimat","paramId":"climate"},{"score":2.0,"param":"Bördighet","paramId":"soil_fertility"},{"score":2.0,"param":"Vatten","paramId":"water"},{"score":2.0,"param":"Bekämpningsmedel","paramId":"pesticides"},{"score":2.0,"param":"Övergödning","paramId":"eutrophication"},{"score":null,"param":"Djuromsorg och antibiotika","paramId":"animal_welfare_antibiotics"},{"score":2.5,"param":"Arbetsförhållanden","paramId":"working_conditions"},{"score":3.0,"param":"Lokalbefolkning","paramId":"local_population"},{"score":3.0,"param":"Lagefterlevnad och spårbarhet","paramId":"compliance_traceability"}]}],"sustainabilityInfoApplicable":true},{"id":"7340007910494","type":"Product","ean":"7340007910494","name":"Bärnstenstomater ","imageUrl":"http://res.cloudinary.com/coopsverige/image/upload/v1749020486/cloud/486566.png","navCategories":[{"code":"32408","name":"Tomat","superCategories":[{"code":"32361","name":"Grönsaker","superCategories":[{"code":"16534","name":"Frukt & Grönsaker","superCategories":[]}]}]}],"packageSizeInformation":"300 g","salesPrice":39.95,"salesPriceData":{"b2cPrice":39.95,"b2bPrice":35.67},"piecePrice":39.95,"piecePriceData":{"b2cPrice":39.95,"b2bPrice":35.67},"salesUnit":"Styck","comparativePriceText":"kr/kg","comparativePriceUnit":{"unit":"kg","text":"kr/kg"},"comparativePrice":133.17,"comparativePriceData":{"b2cPrice":133.17,"b2bPrice":118.9},"articleSold":false,"deposit":0.0,"depositData":{"b2cPrice":0.0,"b2bPrice":0.0},"vat":{"code":"vat-full-2","value":12.0,"type":"Percentage"},"animalFoodData":{},"fromSweden":false,"availableOnline":true,"isMagazine":false,"nutrientBasis":{},"originCountry":{"code":"SWEDEN","value":"Sverige"},"replacementCountries":[],"class":"Klass 1","pharmaceuticalData":{"isPharmaceutical":false},"sustainabilityInfo":[{"productScore":[{"score":2.0,"param":"Biologisk mångfald","paramId":"biodiversity"},{"score":1.0,"param":"Klimat","paramId":"climate"},{"score":3.0,"param":"Bördighet","paramId":"soil_fertility"},{"score":1.0,"param":"Vatten","paramId":"water"},{"score":2.0,"param":"Bekämpningsmedel","paramId":"pesticides"},{"score":2.0,"param":"Övergödning","paramId":"eutrophication"},{"score":null,"param":"Djuromsorg och antibiotika","paramId":"animal_welfare_antibiotics"},{"score":1.0,"param":"Arbetsförhållanden","paramId":"working_conditions"},{"score":1.0,"param":"Lokalbefolkning","paramId":"local_population"},{"score":1.0,"param":"Lagefterlevnad och spårbarhet","paramId":"compliance_traceability"}]}],"sustainabilityInfoApplicable":true},{"id":"2317342100007","type":"Product","ean":"2317342100007","name":"Vattenmelon Mini","imageUrl":"http://res.cloudinary.com/coopsverige/image/upload/v1648473702/cloud/182664.tiff","navCategories":[{"code":"32496","name":"Melon","superCategories":[{"code":"32484","name":"Frukt & bär","superCategories":[{"code":"16534","name":"Frukt & Grönsaker","superCategories":[]}]}]}],"packageSize":3000.0,"packageSizeInformation":"3000 gram ungefärlig vikt","packageSizeUnit":"gram ungefärlig vikt","pieceWeight":3.0,"salesPrice":21.95,"salesPriceData":{"b2cPrice":21.95,"b2bPrice":19.6},"piecePrice":65.85,"piecePriceData":{"b2cPrice":65.85,"b2bPrice":58.79},"salesUnit":"Vikt","comparativePriceText":"kr/kg","comparativePriceUnit":{"unit":"kg","text":"kr/kg"},"comparativePrice":21.95,"comparativePriceData":{"b2cPrice":21.95,"b2bPrice":19.6},"articleSold":false,"deposit":0.0,"depositData":{"b2cPrice":0.0,"b2bPrice":0.0},"vat":{"code":"vat-full-2","value":12.0,"type":"Percentage"},"animalFoodData":{},"fromSweden":false,"availableOnline":true,"countryOfOriginCodes":[{"code":"724","value":"Spanien"}],"isMagazine":false,"nutrientBasis":{},"originCountry":{"code":"SPAIN","value":"Spanien"},"replacementCountries":[],"class":"Klass 1","pharmaceuticalData":{"isPharmaceutical":false},"sustainabilityInfoApplicable":true},{"id":"2317440400009","type":"Product","ean":"2317440400009","name":"Persika","description":"Produkten varierar något i storlek och vikt. När du handlar hos oss visar vi en uppskattad vikt för varan och ett pris baserat på kilopriset. Ni debiteras efter vi plockat ihop era varor den verkliga vikten.<br> Vi garanterar att du alltid betalar för varans verkliga vikt.","imageUrl":"http://res.cloudinary.com/coopsverige/image/upload/v1440062974/49661.tiff","navCategories":[{"code":"334451","name":"Nektariner & Persikor","superCategories":[{"code":"32484","name":"Frukt & bär","superCategories":[{"code":"16534","name":"Frukt & Grönsaker","superCategories":[]}]}]}],"packageSize":150.0,"packageSizeInformation":"150 gram ungefärlig vikt","packageSizeUnit":"gram ungefärlig vikt","pieceWeight":0.15,"salesPrice":45.95,"salesPriceData":{"b2cPrice":45.95,"b2bPrice":41.03},"piecePrice":6.89,"piecePriceData":{"b2cPrice":6.89,"b2bPrice":6.15},"salesUnit":"Vikt","comparativePriceText":"kr/kg","comparativePriceUnit":{"unit":"kg","text":"kr/kg"},"comparativePrice":45.95,"comparativePriceData":{"b2cPrice":45.95,"b2bPrice":41.03},"articleSold":false,"deposit":0.0,"depositData":{"b2cPrice":0.0,"b2bPrice":0.0},"vat":{"code":"vat-full-2","value":12.0,"type":"Percentage"},"animalFoodData":{},"fromSweden":false,"availableOnline":true,"isMagazine":false,"nutrientBasis":{},"originCountry":{"code":"SPAIN","value":"Spanien"},"replacementCountries":[{"code":"ITALY","value":"Italien"}],"class":"Klass 1","sustainabilityInfo":[{"productScore":[{"score":2.0,"param":"Biologisk mångfald","paramId":"biodiversity"},{"score":1.0,"param":"Klimat","paramId":"climate"},{"score":2.0,"param":"Bördighet","paramId":"soil_fertility"},{"score":2.0,"param":"Vatten","paramId":"water"},{"score":2.0,"param":"Bekämpningsmedel","paramId":"pesticides"},{"score":2.0,"param":"Övergödning","paramId":"eutrophication"},{"score":null,"param":"Djuromsorg och antibiotika","paramId":"animal_welfare_antibiotics"},{"score":3.0,"param":"Arbetsförhållanden","paramId":"working_conditions"},{"score":3.5,"param":"Lokalbefolkning","paramId":"local_population"},{"score":2.0,"param":"Lagefterlevnad och spårbarhet","paramId":"compliance_traceability"}]}],"sustainabilityInfoApplicable":true},{"id":"7300156475060","type":"Product","ean":"7300156475060","name":"Druvor Gröna","manufacturerName":"Coop","imageUrl":"http://res.cloudinary.com/coopsverige/image/upload/v1681905024/cloud/279408.jpg","navCategories":[{"code":"32494","name":"Druvor","superCategories":[{"code":"32484","name":"Frukt & bär","superCategories":[{"code":"16534","name":"Frukt & Grönsaker","superCategories":[]}]}]}],"packageSize":500.0,"packageSizeInformation":"500 g","packageSizeUnit":"Gram","salesPrice":36.95,"salesPriceData":{"b2cPrice":36.95,"b2bPrice":32.99},"piecePrice":36.95,"piecePriceData":{"b2cPrice":36.95,"b2bPrice":32.99},"promotionPrice":25.0,"promotionPriceData":{"b2cPrice":25.0,"b2bPrice":22.32},"salesUnit":"Styck","comparativePriceText":"kr/kg","comparativePriceUnit":{"unit":"kg","text":"kr/kg"},"comparativePrice":73.9,"comparativePriceData":{"b2cPrice":73.9,"b2bPrice":65.98},"articleSold":false,"deposit":0.0,"depositData":{"b2cPrice":0.0,"b2bPrice":0.0},"vat":{"code":"vat-full-2","value":12.0,"type":"Percentage"},"animalFoodData":{},"onlinePromotions":[{"id":"v.36 2025 DRUVOR","price":25.0,"priceData":{"b2cPrice":25.0,"b2bPrice":22.32},"piecePrice":25.0,"piecePriceData":{"b2cPrice":25.0,"b2bPrice":22.32},"startDate":"2025-08-31T22:00:00Z","endDate":"2025-09-07T22:00:00Z","message":"25 kr/st","type":"FIXED_PRICE","medMeraRequired":true,"priority":1000,"comparativePrice":{"b2cPrice":50.0,"b2bPrice":44.64},"higherThanHistoricalPrice":false},{"id":"016001_136893","price":25.0,"priceData":{"b2cPrice":25.0,"b2bPrice":22.32},"piecePrice":25.0,"piecePriceData":{"b2cPrice":25.0,"b2bPrice":22.32},"startDate":"2025-08-31T22:00:00Z","endDate":"2025-09-07T22:00:00Z","message":"Medlemspris-Druvor Gröna Sugraone, Regal, Thomson, Meli-25:- /st","type":"FIXED_PRICE","medMeraRequired":true,"priority":930,"comparativePrice":{"b2cPrice":50.0,"b2bPrice":44.64},"higherThanHistoricalPrice":false}],"fromSweden":false,"availableOnline":true,"isMagazine":false,"nutrientBasis":{},"originCountry":{"code":"GREECE","value":"Grekland"},"replacementCountries":[{"code":"ITALY","value":"Italien"}],"variety":"Sugraone, Regal, Thomson, Meli","class":"Klass 1","pharmaceuticalData":{"isPharmaceutical":false},"sustainabilityInfo":[{"productScore":[{"score":2.0,"param":"Biologisk mångfald","paramId":"biodiversity"},{"score":2.0,"param":"Klimat","paramId":"climate"},{"score":2.0,"param":"Bördighet","paramId":"soil_fertility"},{"score":2.0,"param":"Vatten","paramId":"water"},{"score":2.0,"param":"Bekämpningsmedel","paramId":"pesticides"},{"score":2.0,"param":"Övergödning","paramId":"eutrophication"},{"score":null,"param":"Djuromsorg och antibiotika","paramId":"animal_welfare_antibiotics"},{"score":3.0,"param":"Arbetsförhållanden","paramId":"working_conditions"},{"score":4.0,"param":"Lokalbefolkning","paramId":"local_population"},{"score":3.5,"param":"Lagefterlevnad och spårbarhet","paramId":"compliance_traceability"}]}],"sustainabilityInfoApplicable":true},{"id":"2317310000001","type":"Product","ean":"2317310000001","name":"Honungsmelon","description":"Produkten varierar något i storlek och vikt. När du handlar hos oss visar vi en uppskattad vikt för varan och ett pris baserat på kilopriset. Ni debiteras efter vi plockat ihop era varor den verkliga vikten.<br> Vi garanterar att du alltid betalar för varans verkliga vikt.","imageUrl":"http://res.cloudinary.com/coopsverige/image/upload/v1649772927/cloud/24621.tiff","navCategories":[{"code":"32496","name":"Melon","superCategories":[{"code":"32484","name":"Frukt & bär","superCategories":[{"code":"16534","name":"Frukt & Grönsaker","superCategories":[]}]}]}],"packageSize":1200.0,"packageSizeInformation":"1200 gram ungefärlig vikt","packageSizeUnit":"gram ungefärlig vikt","pieceWeight":1.2,"salesPrice":27.95,"salesPriceData":{"b2cPrice":27.95,"b2bPrice":24.96},"piecePrice":33.54,"piecePriceData":{"b2cPrice":33.54,"b2bPrice":29.95},"salesUnit":"Vikt","comparativePriceText":"kr/kg","comparativePriceUnit":{"unit":"kg","text":"kr/kg"},"comparativePrice":27.95,"comparativePriceData":{"b2cPrice":27.95,"b2bPrice":24.96},"articleSold":false,"deposit":0.0,"depositData":{"b2cPrice":0.0,"b2bPrice":0.0},"vat":{"code":"vat-full-2","value":12.0,"type":"Percentage"},"animalFoodData":{},"fromSweden":false,"availableOnline":true,"isMagazine":false,"nutrientBasis":{},"originCountry":{"code":"SPAIN","value":"Spanien"},"replacementCountries":[],"class":"Klass 1","pharmaceuticalData":{"isPharmaceutical":false},"sustainabilityInfo":[{"productScore":[{"score":2.0,"param":"Biologisk mångfald","paramId":"biodiversity"},{"score":2.0,"param":"Klimat","paramId":"climate"},{"score":2.0,"param":"Bördighet","paramId":"soil_fertility"},{"score":2.0,"param":"Vatten","paramId":"water"},{"score":2.0,"param":"Bekämpningsmedel","paramId":"pesticides"},{"score":2.0,"param":"Övergödning","paramId":"eutrophication"},{"score":null,"param":"Djuromsorg och antibiotika","paramId":"animal_welfare_antibiotics"},{"score":3.0,"param":"Arbetsförhållanden","paramId":"working_conditions"},{"score":3.5,"param":"Lokalbefolkning","paramId":"local_population"},{"score":2.5,"param":"Lagefterlevnad och spårbarhet","paramId":"compliance_traceability"}]}],"sustainabilityInfoApplicable":true},{"id":"7300156462428","type":"Product","ean":"7300156462428","name":"Citron Eko","manufacturerName":"Änglamark","imageUrl":"http://res.cloudinary.com/coopsverige/image/upload/v1598277504/405772.tiff","navCategories":[{"code":"32492","name":"Citrusfrukt","superCategories":[{"code":"32484","name":"Frukt & bär","superCategories":[{"code":"16534","name":"Frukt & Grönsaker","superCategories":[]}]}]}],"accreditedTags":[{"code":"KRAV_MARK","description":"KRAV","imageUrl":"https://res.cloudinary.com/coopsverige/image/upload/v1750847718/cooponline/Icons/2025/krav-logo_z2ptpn.png","priority":100}],"packageSize":350.0,"packageSizeInformation":"350 g","packageSizeUnit":"Gram","salesPrice":32.95,"salesPriceData":{"b2cPrice":32.95,"b2bPrice":29.42},"piecePrice":32.95,"piecePriceData":{"b2cPrice":32.95,"b2bPrice":29.42},"salesUnit":"Styck","comparativePriceText":"kr/kg","comparativePriceUnit":{"unit":"kg","text":"kr/kg"},"comparativePrice":94.14,"comparativePriceData":{"b2cPrice":94.14,"b2bPrice":84.05},"articleSold":false,"deposit":0.0,"depositData":{"b2cPrice":0.0,"b2bPrice":0.0},"vat":{"code":"vat-full-2","value":12.0,"type":"Percentage"},"animalFoodData":{},"fromSweden":false,"availableOnline":true,"isMagazine":false,"nutrientBasis":{},"originCountry":{"code":"SOUTH AFRICA","value":"Sydafrika"},"replacementCountries":[{"code":"SOUTH AFRICA","value":"Sydafrika"},{"code":"SPAIN","value":"Spanien"}],"class":"Klass 1","pharmaceuticalData":{"isPharmaceutical":false},"sustainabilityInfo":[{"productScore":[{"score":1.0,"param":"Biologisk mångfald","paramId":"biodiversity"},{"score":1.0,"param":"Klimat","paramId":"climate"},{"score":1.0,"param":"Bördighet","paramId":"soil_fertility"},{"score":2.0,"param":"Vatten","paramId":"water"},{"score":1.0,"param":"Bekämpningsmedel","paramId":"pesticides"},{"score":1.0,"param":"Övergödning","paramId":"eutrophication"},{"score":null,"param":"Djuromsorg och antibiotika","paramId":"animal_welfare_antibiotics"},{"score":2.0,"param":"Arbetsförhållanden","paramId":"working_conditions"},{"score":3.5,"param":"Lokalbefolkning","paramId":"local_population"},{"score":1.0,"param":"Lagefterlevnad och spårbarhet","paramId":"compliance_traceability"}]}],"sustainabilityInfoApplicable":true},{"id":"7300390940300","type":"Product","ean":"7300390940300","name":"Kiwi Grön Eko","imageUrl":"http://res.cloudinary.com/coopsverige/image/upload/v1443466066/49887.tiff","navCategories":[{"code":"334464","name":"Kiwi","superCategories":[{"code":"32484","name":"Frukt & bär","superCategories":[{"code":"16534","name":"Frukt & Grönsaker","superCategories":[]}]}]}],"packageSize":90.0,"packageSizeInformation":"90 gram ungefärlig vikt","packageSizeUnit":"gram ungefärlig vikt","pieceWeight":0.09,"salesPrice":9.95,"salesPriceData":{"b2cPrice":9.95,"b2bPrice":8.88},"piecePrice":9.95,"piecePriceData":{"b2cPrice":9.95,"b2bPrice":8.88},"salesUnit":"Styck","comparativePriceText":"kr/kg","comparativePriceUnit":{"unit":"kg","text":"kr/kg"},"comparativePrice":110.56,"comparativePriceData":{"b2cPrice":110.56,"b2bPrice":98.71},"articleSold":false,"deposit":0.0,"depositData":{"b2cPrice":0.0,"b2bPrice":0.0},"vat":{"code":"vat-full-2","value":12.0,"type":"Percentage"},"animalFoodData":{},"onlinePromotions":[{"id":"016001_36103","price":18.0,"priceData":{"b2cPrice":18.0,"b2bPrice":16.07},"startDate":"2025-08-31T22:00:00Z","endDate":"2025-09-07T22:00:00Z","message":"KIWI EKO 2 FÖR 18 KR-2 för 18:-","type":"MULTI_BUY_FIXED_PRICE","numberOfProductRequired":2,"medMeraRequired":false,"priority":910,"comparativePrice":{"b2cPrice":100.0,"b2bPrice":89.29},"higherThanHistoricalPrice":false}],"fromSweden":false,"availableOnline":true,"isMagazine":false,"nutrientBasis":{},"originCountry":{"code":"NEW ZEALAND","value":"Nya Zeeland"},"replacementCountries":[],"class":"Klass 1","pharmaceuticalData":{"isPharmaceutical":false},"sustainabilityInfoApplicable":true},{"id":"7300156598226","type":"Product","ean":"7300156598226","name":"Lök Mix","manufacturerName":"COOP","imageUrl":"http://res.cloudinary.com/coopsverige/image/upload/v1718101894/cloud/363891.jpg","navCategories":[{"code":"334459","name":"Lök","superCategories":[{"code":"32361","name":"Grönsaker","superCategories":[{"code":"16534","name":"Frukt & Grönsaker","superCategories":[]}]}]}],"packageSize":1005.0,"packageSizeInformation":"1005 g","packageSizeUnit":"Gram","salesPrice":20.0,"salesPriceData":{"b2cPrice":20.0,"b2bPrice":17.86},"piecePrice":20.0,"piecePriceData":{"b2cPrice":20.0,"b2bPrice":17.86},"salesUnit":"Styck","comparativePriceText":"kr/kg","comparativePriceUnit":{"unit":"kg","text":"kr/kg"},"comparativePrice":20.0,"comparativePriceData":{"b2cPrice":20.0,"b2bPrice":17.86},"articleSold":false,"deposit":0.0,"depositData":{"b2cPrice":0.0,"b2bPrice":0.0},"vat":{"code":"vat-full-2","value":12.0,"type":"Percentage"},"animalFoodData":{},"fromSweden":false,"availableOnline":true,"isMagazine":false,"nutrientBasis":{},"originCountry":{"code":"SWEDEN","value":"Sverige"},"replacementCountries":[],"class":"Klass 1","pharmaceuticalData":{"isPharmaceutical":false},"sustainabilityInfoApplicable":true},{"id":"7300156476319","type":"Product","ean":"7300156476319","name":"Morötter","manufacturerName":"COOP","imageUrl":"http://res.cloudinary.com/coopsverige/image/upload/v1727183794/cloud/388677.jpg","navCategories":[{"code":"32470","name":"Morötter","superCategories":[{"code":"32361","name":"Grönsaker","superCategories":[{"code":"16534","name":"Frukt & Grönsaker","superCategories":[]}]}]}],"packageSize":1000.0,"packageSizeInformation":"1000 g","packageSizeUnit":"Gram","salesPrice":16.95,"salesPriceData":{"b2cPrice":16.95,"b2bPrice":15.13},"piecePrice":16.95,"piecePriceData":{"b2cPrice":16.95,"b2bPrice":15.13},"salesUnit":"Styck","comparativePriceText":"kr/kg","comparativePriceUnit":{"unit":"kg","text":"kr/kg"},"comparativePrice":16.95,"comparativePriceData":{"b2cPrice":16.95,"b2bPrice":15.13},"articleSold":false,"deposit":0.0,"depositData":{"b2cPrice":0.0,"b2bPrice":0.0},"vat":{"code":"vat-full-2","value":12.0,"type":"Percentage"},"animalFoodData":{},"fromSweden":false,"availableOnline":true,"isMagazine":false,"nutrientBasis":{},"originCountry":{"code":"SWEDEN","value":"Sverige"},"replacementCountries":[],"pharmaceuticalData":{"isPharmaceutical":false},"sustainabilityInfoApplicable":true}]}}
---
{"results":{"count":200,"facets":[{"name":"brand","items":[{"item":"COOP","count":46,"selected":false},{"item":"Änglamark","count":32,"selected":false},{"item":"Dole","count":3,"selected":false},{"item":"Andreas Uppgård","count":2,"selected":false},{"item":"Steglinge","count":1,"selected":false},{"item":"SydGrönt","count":1,"selected":false},{"item":"Xtra","count":1,"selected":false}]},{"name":"environmentalLabels","items":[{"item":"Ekologiskt","count":39,"selected":false},{"item":"KRAV","count":33,"selected":false},{"item":"Nyckelhålet","count":17,"selected":false},{"item":"Svenskt ursprung","count":4,"selected":false},{"item":"Lokalt","count":2,"selected":false}]}],"items":[{"id":"2339401100001","type":"Product","ean":"2339401100001","name":"Banan Styck Eko","description":"Bananer styck. Produkten varierar något i storlek och vikt. När du handlar hos oss visar vi en uppskattad vikt för varan och ett pris baserat på kilopriset. Ni debiteras efter vi plockat ihop era varor den verkliga vikten.<br> Vi garanterar att du alltid betalar för varans verkliga vikt.","imageUrl":"http://res.cloudinary.com/coopsverige/image/upload/v1634224873/cloud/224529.tiff","navCategories":[{"code":"32490","name":"Banan","superCategories":[{"code":"32484","name":"Frukt & bär","superCategories":[{"code":"16534","name":"Frukt & Grönsaker","superCategories":[]}]}]}],"accreditedTags":[{"code":"EU_ORGANIC_FARMING","description":"EU Lövet","imageUrl":"https://res.cloudinary.com/coopsverige/image/upload/cooponline/produktmarkning/EUOrganicFarmingLogo.jpg","priority":180}],"packageSize":180.0,"packageSizeInformation":"180 gram ungefärlig vikt","packageSizeUnit":"gram ungefärlig vikt","pieceWeight":0.18,"salesPrice":27.95,"salesPriceData":{"b2cPrice":27.95,"b2bPrice":24.96},"piecePrice":5.03,"piecePriceData":{"b2cPrice":5.03,"b2bPrice":4.49},"salesUnit":"Vikt","comparativePriceText":"kr/kg","comparativePriceUnit":{"unit":"kg","text":"kr/kg"},"comparativePrice":27.95,"comparativePriceData":{"b2cPrice":27.95,"b2bPrice":24.96},"articleSold":false,"deposit":0.0,"depositData":{"b2cPrice":0.0,"b2bPrice":0.0},"vat":{"code":"vat-full-2","value":12.0,"type":"Percentage"},"animalFoodData":{},"fromSweden":false,"availableOnline":true,"isMagazine":false,"nutrientBasis":{},"originCountry":{"code":"ECUADOR","value":"Ecuador"},"replacementCountries":[{"code":"DOMINCAN REPUBL","value":"Dominikanska Republiken"}],"class":"Klass 1","pharmaceuticalData":{"isPharmaceutical":false},"sustainabilityInfo":[{"productScore":[{"score":1.0,"param":"Biologisk mångfald","paramId":"biodiversity"},{"score":2.0,"param":"Klimat","paramId":"climate"},{"score":1.0,"param":"Bördighet","paramId":"soil_fertility"},{"score":2.0,"param":"Vatten","paramId":"water"},{"score":1.0,"param":"Bekämpningsmedel","paramId":"pesticides"},{"score":1.0,"param":"Övergödning","paramId":"eutrophication"},{"score":null,"param":"Djuromsorg och antibiotika","paramId":"animal_welfare_antibiotics"},{"score":5.0,"param":"Arbetsförhållanden","paramId":"working_conditions"},{"score":5.0,"param":"Lokalbefolkning","paramId":"local_population"},{"score":1.0,"param":"Lagefterlevnad och spårbarhet","paramId":"compliance_traceability"}]}],"sustainabilityInfoApplicable":true},{"id":"7300156587718","type":"Product","ean":"7300156587718","name":"Gurka Styck","imageUrl":"http://res.cloudinary.com/coopsverige/image/upload/v1645594695/cloud/199912.tiff","navCategories":[{"code":"334456","name":"Gurka","superCategories":[{"code":"32361","name":"Grönsaker","superCategories":[{"code":"16534","name":"Frukt & Grönsaker","superCategories":[]}]}]}],"packageSizeInformation":"300 g","packageSizeUnit":"Gram","salesPrice":18.95,"salesPriceData":{"b2cPrice":18.95,"b2bPrice":16.92},"piecePrice":18.95,"piecePriceData":{"b2cPrice":18.95,"b2bPrice":16.92},"salesUnit":"Styck","comparativePriceText":"kr/kg","comparativePriceUnit":{"unit":"kg","text":"kr/kg"},"comparativePrice":67.68,"comparativePriceData":{"b2cPrice":67.68,"b2bPrice":60.43},"articleSold":false,"deposit":0.0,"depositData":{"b2cPrice":0.0,"b2bPrice":0.0},"vat":{"code":"vat-full-2","value":12.0,"type":"Percentage"},"animalFoodData":{},"fromSweden":false,"availableOnline":true,"countryOfOriginCodes":[{"code":"752","value":"Sverige"}],"isMagazine":false,"nutrientBasis":{},"originCountry":{"code":"SWEDEN","value":"Sverige"},"replacementCountries":[],"class":"Klass 1","pharmaceuticalData":{"isPharmaceutical":false},"sustainabilityInfoApplicable":true},{"id":"2317417300004","type":"Product","ean":"2317417300004","name":"Äpple","description":"Produkten varierar något i storlek och vikt. När du handlar hos oss visar vi en uppskattad vikt för varan och ett pris baserat på kilopriset. Ni debiteras efter vi plockat ihop era varor den verkliga vikten. Vi garanterar att du alltid betalar för varans verkliga vikt. ","imageUrl":"http://res.cloudinary.com/coopsverige/image/upload/v1440062868/49643.tiff","navCategories":[{"code":"32486","name":"Äpple","superCategories":[{"code":"32484","name":"Frukt & bär","superCategories":[{"code":"16534","name":"Frukt & Grönsaker","superCategories":[]}]}]}],"packageSize":180.0,"packageSizeInformation":"180 gram ungefärlig vikt","packageSizeUnit":"gram ungefärlig vikt","pieceWeight":0.18,"salesPrice":34.9,"salesPriceData":{"b2cPrice":34.9,"b2bPrice":31.16},"piecePrice":6.28,"piecePriceData":{"b2cPrice":6.28,"b2bPrice":5.61},"salesUnit":"Vikt","comparativePriceText":"kr/kg","comparativePriceUnit":{"unit":"kg","text":"kr/kg"},"comparativePrice":34.9,"comparativePriceData":{"b2cPrice":34.9,"b2bPrice":31.16},"articleSold":false,"deposit":0.0,"depositData":{"b2cPrice":0.0,"b2bPrice":0.0},"vat":{"code":"vat-full-2","value":12.0,"type":"Percentage"},"animalFoodData":{},"fromSweden":false,"availableOnline":true,"isMagazine":false,"nutrientBasis":{},"originCountry":{"code":"ITALY","value":"Italien"},"replacementCountries":[],"variety":"Royal Gala","class":"Klass 1","pharmaceuticalData":{"isPharmaceutical":false},"sustainabilityInfoApplicable":true},{"id":"2317466600001","type":"Product","ean":"2317466600001","name":"Gul Lök","description":"Produkten varierar något i storlek och vikt. När du handlar hos oss visar vi en uppskattad vikt för varan och ett pris baserat på kilopriset. Ni debiteras efter vi plockat ihop era varor den verkliga vikten.<br> Vi garanterar att du alltid betalar för varans verkliga vikt.","imageUrl":"http://res.cloudinary.com/coopsverige/image/upload/v1440063196/49691.tiff","navCategories":[{"code":"334459","name":"Lök","superCategories":[{"code":"32361","name":"Grönsaker","superCategories":[{"code":"16534","name":"Frukt & Grönsaker","superCategories":[]}]}]}],"packageSize":195.0,"packageSizeInformation":"195 gram ungefärlig vikt","packageSizeUnit":"gram ungefärlig vikt","pieceWeight":0.195,"salesPrice":14.95,"salesPriceData":{"b2cPrice":14.95,"b2bPrice":13.35},"piecePrice":2.92,"piecePriceData":{"b2cPrice":2.92,"b2bPrice":2.61},"salesUnit":"Vikt","comparativePriceText":"kr/kg","comparativePriceUnit":{"unit":"kg","text":"kr/kg"},"comparativePrice":14.95,"comparativePriceData":{"b2cPrice":14.95,"b2bPrice":13.35},"articleSold":false,"deposit":0.0,"depositData":{"b2cPrice":0.0,"b2bPrice":0.0},"vat":{"code":"vat-full-2","value":12.0,"type":"Percentage"},"animalFoodData":{},"fromSweden":false,"availableOnline":true,"countryOfOriginCodes":[{"code":"752","value":"Sverige"}],"isMagazine":false,"nutrientBasis":{},"originCountry":{"code":"SWEDEN","value":"Sverige"},"replacementCountries":[],"class":"Klass 1","pharmaceuticalData":{"isPharmaceutical":false},"sustainabilityInfo":[{"productScore":[{"score":2.0,"param":"Biologisk mångfald","paramId":"biodiversity"},{"score":1.0,"param":"Klimat","paramId":"climate"},{"score":1.5,"param":"Bördighet","paramId":"soil_fertility"},{"score":2.0,"param":"Vatten","paramId":"water"},{"score":2.0,"param":"Bekämpningsmedel","paramId":"pesticides"},{"score":2.0,"param":"Övergödning","paramId":"eutrophication"},{"score":null,"param":"Djuromsorg och antibiotika","paramId":"animal_welfare_antibiotics"},{"score":1.5,"param":"Arbetsförhållanden","paramId":"working_conditions"},{"score":1.5,"param":"Lokalbefolkning","paramId":"local_population"},{"score":1.0,"param":"Lagefterlevnad och spårbarhet","paramId":"compliance_traceability"}]}],"sustainabilityInfoApplicable":true},{"id":"2317408200009","type":"Product","ean":"2317408200009","name":"Röd lök","description":"Produkten varierar något i storlek och vikt. När du handlar hos oss visar vi en uppskattad vikt för varan och ett pris baserat på kilopriset. Ni debiteras efter vi plockat ihop era varor den verkliga vikten.<br> Vi garanterar att du alltid betalar för varans verkliga vikt.","imageUrl":"http://res.cloudinary.com/coopsverige/image/upload/v1641911542/cloud/24662.tiff","navCategories":[{"code":"334459","name":"Lök","superCategories":[{"code":"32361","name":"Grönsaker","superCategories":[{"code":"16534","name":"Frukt & Grönsaker","superCategories":[]}]}]}],"packageSize":195.0,"packageSizeInformation":"195 gram ungefärlig vikt","packageSizeUnit":"gram ungefärlig vikt","pieceWeight":0.195,"salesPrice":18.95,"salesPriceData":{"b2cPrice":18.95,"b2bPrice":16.92},"piecePrice":3.7,"piecePriceData":{"b2cPrice":3.7,"b2bPrice":3.3},"salesUnit":"Vikt","comparativePriceText":"kr/kg","comparativePriceUnit":{"unit":"kg","text":"kr/kg"},"comparativePrice":18.95,"comparativePriceData":{"b2cPrice":18.95,"b2bPrice":16.92},"articleSold":false,"deposit":0.0,"depositData":{"b2cPrice":0.0,"b2bPrice":0.0},"vat":{"code":"vat-full-2","value":12.0,"type":"Percentage"},"animalFoodData":{},"fromSweden":false,"availableOnline":true,"isMagazine":false,"nutrientBasis":{},"originCountry":{"code":"DENMARK","value":"Danmark"},"replacementCountries":[],"class":"Klass 1","pharmaceuticalData":{"isPharmaceutical":false},"sustainabilityInfo":[{"productScore":[{"score":2.0,"param":"Biologisk mångfald","paramId":"biodiversity"},{"score":1.0,"param":"Klimat","paramId":"climate"},{"score":1.5,"param":"Bördighet","paramId":"soil_fertility"},{"score":2.0,"param":"Vatten","paramId":"water"},{"score":2.0,"param":"Bekämpningsmedel","paramId":"pesticides"},{"score":2.0,"param":"Övergödning","paramId":"eutrophication"},{"score":null,"param":"Djuromsorg och antibiotika","paramId":"animal_welfare_antibiotics"},{"score":1.5,"param":"Arbetsförhållanden","paramId":"working_conditions"},{"score":1.5,"param":"Lokalbefolkning","paramId":"local_population"},{"score":1.0,"param":"Lagefterlevnad och spårbarhet","paramId":"compliance_traceability"}]}],"sustainabilityInfoApplicable":true},{"id":"7300170029584","type":"Product","ean":"7300170029584","name":"Citron","imageUrl":"http://res.cloudinary.com/coopsverige/image/upload/v1630938629/cloud/25194.tiff","navCategories":[{"code":"32492","name":"Citrusfrukt","superCategories":[{"code":"32484","name":"Frukt & bär","superCategories":[{"code":"16534","name":"Frukt & Grönsaker","superCategories":[]}]}]}],"packageSize":130.0,"packageSizeInformation":"130 g","packageSizeUnit":"Gram","salesPrice":7.95,"salesPriceData":{"b2cPrice":7.95,"b2bPrice":7.1},"piecePrice":7.95,"piecePriceData":{"b2cPrice":7.95,"b2bPrice":7.1},"salesUnit":"Styck","comparativePriceText":"kr/kg","comparativePriceUnit":{"unit":"kg","text":"kr/kg"},"comparativePrice":61.15,"comparativePriceData":{"b2cPrice":61.15,"b2bPrice":54.6},"articleSold":false,"deposit":0.0,"depositData":{"b2cPrice":0.0,"b2bPrice":0.0},"vat":{"code":"vat-full-2","value":12.0,"type":"Percentage"},"animalFoodData":{},"onlinePromotions":[{"id":"016001_36105","price":15.0,"priceData":{"b2cPrice":15.0,"b2bPrice":13.39},"startDate":"2025-08-31T22:00:00Z","endDate":"2025-09-07T22:00:00Z","message":"CITRONER 2 FÖR 15 KR-2 för 15:-","type":"MULTI_BUY_FIXED_PRICE","numberOfProductRequired":2,"medMeraRequired":false,"priority":910,"comparativePrice":{"b2cPrice":57.69,"b2bPrice":51.51},"higherThanHistoricalPrice":false}],"fromSweden":false,"availableOnline":true,"countryOfOriginCodes":[{"code":"724","value":"Spanien"}],"isMagazine":false,"nutrientBasis":{},"originCountry":{"code":"SOUTH AFRICA","value":"Sydafrika"},"replacementCountries":[],"class":"Klass 1","pharmaceuticalData":{"isPharmaceutical":false},"sustainabilityInfoApplicable":true},{"id":"2317468800003","type":"Product","ean":"2317468800003","name":"Paprika Röd","description":"Produkten varierar något i storlek och vikt. När du handlar hos oss visar vi en uppskattad vikt för varan och ett pris baserat på kilopriset. Ni debiteras efter vi plockat ihop era varor den verkliga vikten.<br> Vi garanterar att du alltid betalar för varans verkliga vikt.","imageUrl":"http://res.cloudinary.com/coopsverige/image/upload/v1708418328/cloud/328899.jpg","navCategories":[{"code":"198002","name":"Paprika","superCategories":[{"code":"32361","name":"Grönsaker","superCategories":[{"code":"16534","name":"Frukt & Grönsaker","superCategories":[]}]}]}],"packageSize":210.0,"packageSizeInformation":"210 gram ungefärlig vikt","packageSizeUnit":"gram ungefärlig vikt","pieceWeight":0.21,"salesPrice":39.95,"salesPriceData":{"b2cPrice":39.95,"b2bPrice":35.67},"piecePrice":8.39,"piecePriceData":{"b2cPrice":8.39,"b2bPrice":7.49},"salesUnit":"Vikt","comparativePriceText":"kr/kg","comparativePriceUnit":{"unit":"kg","text":"kr/kg"},"comparativePrice":39.95,"comparativePriceData":{"b2cPrice":39.95,"b2bPrice":35.67},"articleSold":false,"deposit":0.0,"depositData":{"b2cPrice":0.0,"b2bPrice":0.0},"vat":{"code":"vat-full-2","value":12.0,"type":"Percentage"},"animalFoodData":{},"fromSweden":false,"availableOnline":true,"isMagazine":false,"nutrientBasis":{},"originCountry":{"code":"THE NETHERLANDS","value":"Nederländerna"},"replacementCountries":[],"class":"Klass 1","pharmaceuticalData":{"isPharmaceutical":false},"sustainabilityInfo":[{"productScore":[{"score":2.0,"param":"Biologisk mångfald","paramId":"biodiversity"},{"score":1.0,"param":"Klimat","paramId":"climate"},{"score":2.0,"param":"Bördighet","paramId":"soil_fertility"},{"score":2.0,"param":"Vatten","paramId":"water"},{"score":2.0,"param":"Bekämpningsmedel","paramId":"pesticides"},{"score":2.0,"param":"Övergödning","paramId":"eutrophication"},{"score":null,"param":"Djuromsorg och antibiotika","paramId":"animal_welfare_antibiotics"},{"score":2.5,"param":"Arbetsförhållanden","paramId":"working_conditions"},{"score":3.0,"param":"Lokalbefolkning","paramId":"local_population"},{"score":3.0,"param":"Lagefterlevnad och spårbarhet","paramId":"compliance_traceability"}]}],"sustainabilityInfoApplicable":true},{"id":"2317445000006","type":"Product","ean":"2317445000006","name":"Clementiner","description":"Produkten varierar något i storlek och vikt. När du handlar hos oss visar vi en uppskattad vikt för varan och ett pris baserat på kilopriset. Ni debiteras efter vi plockat ihop era varor den verkliga vikten. Vi garanterar att du alltid betalar för varans verkliga vikt.","imageUrl":"http://res.cloudinary.com/coopsverige/image/upload/v1646723759/cloud/195112.tiff","navCategories":[{"code":"32492","name":"Citrusfrukt","superCategories":[{"code":"32484","name":"Frukt & bär","superCategories":[{"code":"16534","name":"Frukt & Grönsaker","superCategories":[]}]}]}],"packageSize":110.0,"packageSizeInformation":"110 gram ungefärlig vikt","packageSizeUnit":"gram ungefärlig vikt","pieceWeight":0.11,"salesPrice":35.95,"salesPriceData":{"b2cPrice":35.95,"b2bPrice":32.1},"piecePrice":3.95,"piecePriceData":{"b2cPrice":3.95,"b2bPrice":3.53},"salesUnit":"Vikt","comparativePriceText":"kr/kg","comparativePriceUnit":{"unit":"kg","text":"kr/kg"},"comparativePrice":35.95,"comparativePriceData":{"b2cPrice":35.95,"b2bPrice":32.1},"articleSold":false,"deposit":0.0,"depositData":{"b2cPrice":0.0,"b2bPrice":0.0},"vat":{"code":"vat-full-2","value":12.0,"type":"Percentage"},"animalFoodData":{},"fromSweden":false,"availableOnline":true,"isMagazine":false,"nutrientBasis":{},"originCountry":{"code":"SOUTH AFRICA","value":"Sydafrika"},"replacementCountries":[],"variety":"Nadorcott","class":"Klass 1","pharmaceuticalData":{"isPharmaceutical":false},"sustainabilityInfoApplicable":true},{"id":"2317483300007","type":"Product","ean":"2317483300007","name":"Färskpotatis","description":"Produkten varierar något i storlek och vikt. När du handlar hos oss visar vi en uppskattad vikt för varan och ett pris baserat på kilopriset. Ni debiteras efter vi plockat ihop era varor den verkliga vikten. Vi garanterar att du alltid betalar för varans verkliga vikt.","imageUrl":"http://res.cloudinary.com/coopsverige/image/upload/v1751367491/cloud/494361.png","navCategories":[{"code":"32466","name":"Potatis","superCategories":[{"code":"32361","name":"Grönsaker","superCategories":[{"code":"16534","name":"Frukt & Grönsaker","superCategories":[]}]}]}],"packageSize":1.0,"packageSizeInformation":"1","pieceWeight":1.0,"salesPrice":15.95,"salesPriceData":{"b2cPrice":15.95,"b2bPrice":14.24},"piecePrice":15.95,"piecePriceData":{"b2cPrice":15.95,"b2bPrice":14.24},"salesUnit":"Vikt","comparativePriceText":"kr/kg","comparativePriceUnit":{"unit":"kg","text":"kr/kg"},"comparativePrice":15.95,"comparativePriceData":{"b2cPrice":15.95,"b2bPrice":14.24},"articleSold":false,"deposit":0.0,"depositData":{"b2cPrice":0.0,"b2bPrice":0.0},"vat":{"code":"vat-full-2","value":12.0,"type":"Percentage"},"animalFoodData":{},"variances":[{"code":"ca1000g_2317483300007","name":"Ca 1000 g","quantity":1.0,"unit":"kilogram","price":15.95,"priceData":{"b2cPrice":15.95,"b2bPrice":14.24}},{"code":"ca300g_2317483300007","name":"Ca 300 g","quantity":0.3,"unit":"kilogram","price":4.79,"priceData":{"b2cPrice":4.79,"b2bPrice":4.28}},{"code":"ca800g_2317483300007","name":"Ca 800 g","quantity":0.8,"unit":"kilogram","price":12.76,"priceData":{"b2cPrice":12.76,"b2bPrice":11.39}},{"code":"ca1500g_2317483300007","name":"ca 1500 g","quantity":1.5,"unit":"kilogram","price":23.93,"priceData":{"b2cPrice":23.93,"b2bPrice":21.37}},{"code":"ca500g_2317483300007","name":"Ca 500 g","quantity":0.5,"unit":"kilogram","price":7.98,"priceData":{"b2cPrice":7.98,"b2bPrice":7.13}}],"fromSweden":false,"availableOnline":true,"isMagazine":false,"nutrientBasis":{},"originCountry":{"code":"SWEDEN","value":"Sverige"},"replacementCountries":[],"pharmaceuticalData":{"isPharmaceutical":false},"sustainabilityInfo":[{"productScore":[{"score":2.0,"param":"Biologisk mångfald","paramId":"biodiversity"},{"score":1.0,"param":"Klimat","paramId":"climate"},{"score":2.5,"param":"Bördighet","paramId":"soil_fertility"},{"score":1.5,"param":"Vatten","paramId":"water"},{"score":2.0,"param":"Bekämpningsmedel","paramId":"pesticides"},{"score":2.0,"param":"Övergödning","paramId":"eutrophication"},{"score":null,"param":"Djuromsorg och antibiotika","paramId":"animal_welfare_antibiotics"},{"score":1.0,"param":"Arbetsförhållanden","paramId":"working_conditions"},{"score":1.5,"param":"Lokalbefolkning","paramId":"local_population"},{"score":1.0,"param":"Lagefterlevnad och spårbarhet","paramId":"compliance_traceability"}]}],"sustainabilityInfoApplicable":true},{"id":"2317412800004","type":"Product","ean":"2317412800004","name":"Äpple","description":"Produkten varierar något i storlek och vikt. När du handlar hos oss visar vi en uppskattad vikt för varan och ett pris baserat på kilopriset. Ni debiteras efter vi plockat ihop era varor den verkliga vikten.Vi garanterar att du alltid betalar för varans verkliga vikt.","imageUrl":"http://res.cloudinary.com/coopsverige/image/upload/v1440062808/49636.tiff","navCategories":[{"code":"32486","name":"Äpple","superCategories":[{"code":"32484","name":"Frukt & bär","superCategories":[{"code":"16534","name":"Frukt & Grönsaker","superCategories":[]}]}]}],"packageSize":170.0,"packageSizeInformation":"170 gram ungefärlig vikt","packageSizeUnit":"gram ungefärlig vikt","pieceWeight":0.17,"salesPrice":41.95,"salesPriceData":{"b2cPrice":41.95,"b2bPrice":37.46},"piecePrice":7.13,"piecePriceData":{"b2cPrice":7.13,"b2bPrice":6.37},"salesUnit":"Vikt","comparativePriceText":"kr/kg","comparativePriceUnit":{"unit":"kg","text":"kr/kg"},"comparativePrice":41.95,"comparativePriceData":{"b2cPrice":41.95,"b2bPrice":37.46},"articleSold":false,"deposit":0.0,"depositData":{"b2cPrice":0.0,"b2bPrice":0.0},"vat":{"code":"vat-full-2","value":12.0,"type":"Percentage"},"animalFoodData":{},"fromSweden":false,"availableOnline":true,"isMagazine":false,"nutrientBasis":{},"originCountry":{"code":"SOUTH AFRICA","value":"Sydafrika"},"replacementCountries":[],"variety":"Pink Lady","class":"Klass 1","pharmaceuticalData":{"isPharmaceutical":false},"sustainabilityInfoApplicable":true},{"id":"2317438900009","type":"Product","ean":"2317438900009","name":"Apelsiner","description":"Produkten varierar något i storlek och vikt. När du handlar hos oss visar vi en uppskattad vikt för varan och ett pris baserat på kilopriset. Ni debiteras efter vi plockat ihop era varor den verkliga vikten.<br> Vi garanterar att du alltid betalar för varans verkliga vikt. ","imageUrl":"http://res.cloudinary.com/coopsverige/image/upload/v1581926330/393481.tiff","navCategories":[{"code":"32492","name":"Citrusfrukt","superCategories":[{"code":"32484","name":"Frukt & bär","superCategories":[{"code":"16534","name":"Frukt & Grönsaker","superCategories":[]}]}]}],"packageSize":300.0,"packageSizeInformation":"300 gram ungefärlig vikt","packageSizeUnit":"gram ungefärlig vikt","pieceWeight":0.3,"salesPrice":24.95,"salesPriceData":{"b2cPrice":24.95,"b2bPrice":22.28},"piecePrice":7.49,"piecePriceData":{"b2cPrice":7.49,"b2bPrice":6.69},"salesUnit":"Vikt","comparativePriceText":"kr/kg","comparativePriceUnit":{"unit":"kg","text":"kr/kg"},"comparativePrice":24.95,"comparativePriceData":{"b2cPrice":24.95,"b2bPrice":22.28},"articleSold":false,"deposit":0.0,"depositData":{"b2cPrice":0.0,"b2bPrice":0.0},"vat":{"code":"vat-full-2","value":12.0,"type":"Percentage"},"animalFoodData":{},"fromSweden":false,"availableOnline":true,"isMagazine":false,"nutrientBasis":{},"originCountry":{"code":"SOUTH AFRICA","value":"Sydafrika"},"replacementCountries":[],"variety":"Navelina","class":"Klass 1","pharmaceuticalData":{"isPharmaceutical":false},"sustainabilityInfoApplicable":true},{"id":"7300170040688","type":"Product","ean":"7300170040688","name":"Salladslök","imageUrl":"http://res.cloudinary.com/coopsverige/image/upload/v1445539325/80746.tiff","navCategories":[{"code":"334459","name":"Lök","superCategories":[{"code":"32361","name":"Grönsaker","superCategories":[{"code":"16534","name":"Frukt & Grönsaker","superCategories":[]}]}]}],"packageSize":100.0,"packageSizeInformation":"100 g","packageSizeUnit":"Gram","salesPrice":14.95,"salesPriceData":{"b2cPrice":14.95,"b2bPrice":13.35},"piecePrice":14.95,"piecePriceData":{"b2cPrice":14.95,"b2bPrice":13.35},"salesUnit":"Styck","comparativePriceText":"kr/kg","comparativePriceUnit":{"unit":"kg","text":"kr/kg"},"comparativePrice":149.5,"comparativePriceData":{"b2cPrice":149.5,"b2bPrice":133.48},"articleSold":false,"deposit":0.0,"depositData":{"b2cPrice":0.0,"b2bPrice":0.0},"vat":{"code":"vat-full-2","value":12.0,"type":"Percentage"},"animalFoodData":{},"onlinePromotions":[{"id":"016001_36099","price":25.0,"priceData":{"b2cPrice":25.0,"b2bPrice":22.32},"startDate":"2025-08-31T22:00:00Z","endDate":"2025-09-07T22:00:00Z","message":"SALLADSLÖK 2 FÖR 25 KR-2 för 25:-","type":"MULTI_BUY_FIXED_PRICE","numberOfProductRequired":2,"medMeraRequired":false,"priority":910,"comparativePrice":{"b2cPrice":125.0,"b2bPrice":111.61},"higherThanHistoricalPrice":false}],"fromSweden":false,"availableOnline":true,"isMagazine":false,"nutrientBasis":{},"originCountry":{"code":"GERMANY","value":"Tyskland"},"replacementCountries":[],"class":"Klass 1","pharmaceuticalData":{"isPharmaceutical":false},"sustainabilityInfoApplicable":true},{"id":"2317460800001","type":"Product","ean":"2317460800001","name":"Vitlök","description":"Produkten varierar något i storlek och vikt. När du handlar hos oss visar vi en uppskattad vikt för varan och ett pris baserat på kilopriset. Ni debiteras efter vi plockat ihop era varor den verkliga vikten.<br> Vi garanterar att du alltid betalar för varans verkliga vikt.","imageUrl":"http://res.cloudinary.com/coopsverige/image/upload/v1643966131/cloud/211778.jpg","navCategories":[{"code":"334459","name":"Lök","superCategories":[{"code":"32361","name":"Grönsaker","superCategories":[{"code":"16534","name":"Frukt & Grönsaker","superCategories":[]}]}]}],"packageSize":100.0,"packageSizeInformation":"100 gram ungefärlig vikt","packageSizeUnit":"gram ungefärlig vikt","pieceWeight":0.1,"salesPrice":119.0,"salesPriceData":{"b2cPrice":119.0,"b2bPrice":106.25},"piecePrice":11.9,"piecePriceData":{"b2cPrice":11.9,"b2bPrice":10.63},"salesUnit":"Vikt","comparativePriceText":"kr/kg","comparativePriceUnit":{"unit":"kg","text":"kr/kg"},"comparativePrice":119.0,"comparativePriceData":{"b2cPrice":119.0,"b2bPrice":106.25},"articleSold":false,"deposit":0.0,"depositData":{"b2cPrice":0.0,"b2bPrice":0.0},"vat":{"code":"vat-full-2","value":12.0,"type":"Percentage"},"animalFoodData":{},"fromSweden":false,"availableOnline":true,"isMagazine":false,"nutrientBasis":{},"originCountry":{"code":"SPAIN","value":"Spanien"},"replacementCountries":[],"class":"Klass 1","pharmaceuticalData":{"isPharmaceutical":false},"sustainabilityInfo":[{"productScore":[{"score":2.0,"param":"Biologisk mångfald","paramId":"biodiversity"},{"score":2.0,"param":"Klimat","paramId":"climate"},{"score":2.0,"param":"Bördighet","paramId":"soil_fertility"},{"score":2.0,"param":"Vatten","paramId":"water"},{"score":2.0,"param":"Bekämpningsmedel","paramId":"pesticides"},{"score":2.0,"param":"Övergödning","paramId":"eutrophication"},{"score":null,"param":"Djuromsorg och antibiotika","paramId":"animal_welfare_antibiotics"},{"score":3.0,"param":"Arbetsförhållanden","paramId":"working_conditions"},{"score":3.5,"param":"Lokalbefolkning","paramId":"local_population"},{"score":3.5,"param":"Lagefterlevnad och spårbarhet","paramId":"compliance_traceability"}]}],"sustainabilityInfoApplicable":true},{"id":"2317462900006","type":"Product","ean":"2317462900006","name":"Purjolök","description":"Produkten varierar något i storlek och vikt. När du handlar hos oss visar vi en uppskattad vikt för varan och ett pris baserat på kilopriset. Ni debiteras efter vi plockat ihop era varor den verkliga vikten.<br> Vi garanterar att du alltid betalar för varans verkliga vikt.","imageUrl":"http://res.cloudinary.com/coopsverige/image/upload/v1632412703/cloud/25179.tiff","navCategories":[{"code":"334459","name":"Lök","superCategories":[{"code":"32361","name":"Grönsaker","superCategories":[{"code":"16534","name":"Frukt & Grönsaker","superCategories":[]}]}]}],"packageSize":650.0,"packageSizeInformation":"650 gram ungefärlig vikt","packageSizeUnit":"gram ungefärlig vikt","pieceWeight":0.65,"salesPrice":26.95,"salesPriceData":{"b2cPrice":26.95,"b2bPrice":24.06},"piecePrice":17.52,"piecePriceData":{"b2cPrice":17.52,"b2bPrice":15.64},"promotionPrice":13.0,"promotionPriceData":{"b2cPrice":13.0,"b2bPrice":11.61},"salesUnit":"Vikt","comparativePriceText":"kr/kg","comparativePriceUnit":{"unit":"kg","text":"kr/kg"},"comparativePrice":26.95,"comparativePriceData":{"b2cPrice":26.95,"b2bPrice":24.06},"articleSold":false,"deposit":0.0,"depositData":{"b2cPrice":0.0,"b2bPrice":0.0},"vat":{"code":"vat-full-2","value":12.0,"type":"Percentage"},"animalFoodData":{},"onlinePromotions":[{"id":"016001_136651","price":20.0,"priceData":{"b2cPrice":20.0,"b2bPrice":17.86},"piecePrice":13.0,"piecePriceData":{"b2cPrice":13.0,"b2bPrice":11.61},"startDate":"2025-08-31T22:00:00Z","endDate":"2025-09-07T22:00:00Z","message":"Purjolök-20:- /kg","type":"FIXED_PRICE","medMeraRequired":false,"priority":930,"comparativePrice":{"b2cPrice":20.0,"b2bPrice":17.86},"higherThanHistoricalPrice":false}],"fromSweden":false,"availableOnline":true,"isMagazine":false,"nutrientBasis":{},"originCountry":{"code":"SWEDEN","value":"Sverige"},"replacementCountries":[],"class":"Klass 1","pharmaceuticalData":{"isPharmaceutical":false},"sustainabilityInfo":[{"productScore":[{"score":2.0,"param":"Biologisk mångfald","paramId":"biodiversity"},{"score":1.0,"param":"Klimat","paramId":"climate"},{"score":2.5,"param":"Bördighet","paramId":"soil_fertility"},{"score":1.5,"param":"Vatten","paramId":"water"},{"score":2.0,"param":"Bekämpningsmedel","paramId":"pesticides"},{"score":2.0,"param":"Övergödning","paramId":"eutrophication"},{"score":null,"param":"Djuromsorg och antibiotika","paramId":"animal_welfare_antibiotics"},{"score":1.0,"param":"Arbetsförhållanden","paramId":"working_conditions"},{"score":1.0,"param":"Lokalbefolkning","paramId":"local_population"},{"score":1.0,"param":"Lagefterlevnad och spårbarhet","paramId":"compliance_traceability"}]}],"sustainabilityInfoApplicable":true},{"id":"2317413900000","type":"Product","ean":"2317413900000","name":"Äpple","description":"Produkten varierar något i storlek och vikt. När du handlar hos oss visar vi en uppskattad vikt för varan och ett pris baserat på kilopriset. Ni debiteras efter vi plockat ihop era varor den verkliga vikten. Vi garanterar att du alltid betalar för varans verkliga vikt.","imageUrl":"http://res.cloudinary.com/coopsverige/image/upload/v1440062848/49641.tiff","navCategories":[{"code":"32486","name":"Äpple","superCategories":[{"code":"32484","name":"Frukt & bär","superCategories":[{"code":"16534","name":"Frukt & Grönsaker","superCategories":[]}]}]}],"packageSize":180.0,"packageSizeInformation":"180 gram ungefärlig vikt","packageSizeUnit":"gram ungefärlig vikt","pieceWeight":0.18,"salesPrice":35.95,"salesPriceData":{"b2cPrice":35.95,"b2bPrice":32.1},"piecePrice":6.47,"piecePriceData":{"b2cPrice":6.47,"b2bPrice":5.78},"salesUnit":"Vikt","comparativePriceText":"kr/kg","comparativePriceUnit":{"unit":"kg","text":"kr/kg"},"comparativePrice":35.95,"comparativePriceData":{"b2cPrice":35.95,"b2bPrice":32.1},"articleSold":false,"deposit":0.0,"depositData":{"b2cPrice":0.0,"b2bPrice":0.0},"vat":{"code":"vat-full-2","value":12.0,"type":"Percentage"},"animalFoodData":{},"fromSweden":false,"availableOnline":true,"isMagazine":false,"nutrientBasis":{},"originCountry":{"code":"SPAIN","value":"Spanien"},"replacementCountries":[],"variety":"Granny Smith","class":"Klass 1","pharmaceuticalData":{"isPharmaceutical":false},"sustainabilityInfoApplicable":true},{"id":"2317466400007","type":"Product","ean":"2317466400007","name":"Tomat Kvist","description":"Produkten varierar något i storlek och vikt. När du handlar hos oss visar vi en uppskattad vikt för varan och ett pris baserat på kilopriset. Ni debiteras efter vi plockat ihop era varor den verkliga vikten.<br> Vi garanterar att du alltid betalar för varans verkliga vikt.","imageUrl":"http://res.cloudinary.com/coopsverige/image/upload/v1440063185/49690.tiff","navCategories":[{"code":"32408","name":"Tomat","superCategories":[{"code":"32361","name":"Grönsaker","superCategories":[{"code":"16534","name":"Frukt & Grönsaker","superCategories":[]}]}]}],"packageSize":130.0,"packageSizeInformation":"130 gram ungefärlig vikt","packageSizeUnit":"gram ungefärlig vikt","pieceWeight":0.13,"salesPrice":35.95,"salesPriceData":{"b2cPrice":35.95,"b2bPrice":32.1},"piecePrice":4.67,"piecePriceData":{"b2cPrice":4.67,"b2bPrice":4.17},"salesUnit":"Vikt","comparativePriceText":"kr/kg","comparativePriceUnit":{"unit":"kg","text":"kr/kg"},"comparativePrice":35.95,"comparativePriceData":{"b2cPrice":35.95,"b2bPrice":32.1},"articleSold":false,"deposit":0.0,"depositData":{"b2cPrice":0.0,"b2bPrice":0.0},"vat":{"code":"vat-full-2","value":12.0,"type":"Percentage"},"animalFoodData":{},"fromSweden":false,"availableOnline":true,"isMagazine":false,"nutrientBasis":{},"originCountry":{"code":"THE NETHERLANDS","value":"Nederländerna"},"replacementCountries":[],"class":"Klass 1","pharmaceuticalData":{"isPharmaceutical":false},"sustainabilityInfo":[{"productScore":[{"score":2.0,"param":"Biologisk mångfald","paramId":"biodiversity"},{"score":2.0,"param":"Klimat","paramId":"climate"},{"score":1.0,"param":"Bördighet","paramId":"soil_fertility"},{"score":2.0,"param":"Vatten","paramId":"water"},{"score":2.0,"param":"Bekämpningsmedel","paramId":"pesticides"},{"score":2.0,"param":"Övergödning","paramId":"eutrophication"},{"score":null,"param":"Djuromsorg och antibiotika","paramId":"animal_welfare_antibiotics"},{"score":1.0,"param":"Arbetsförhållanden","paramId":"working_conditions"},{"score":1.0,"param":"Lokalbefolkning","paramId":"local_population"},{"score":1.0,"param":"Lagefterlevnad och spårbarhet","paramId":"compliance_traceability"}]}],"sustainabilityInfoApplicable":true},{"id":"7300170029485","type":"Product","ean":"7300170029485","name":"Lime","description":"Produkten varierar något i storlek och vikt. När du handlar hos oss visar vi en uppskattad vikt för varan och ett pris baserat på kilopriset. Ni debiteras efter vi plockat ihop era varor den verkliga vikten. Vi garanterar att du alltid betalar för varans verkliga vikt.","imageUrl":"http://res.cloudinary.com/coopsverige/image/upload/v1440064012/49833.tiff","navCategories":[{"code":"32492","name":"Citrusfrukt","superCategories":[{"code":"32484","name":"Frukt & bär","superCategories":[{"code":"16534","name":"Frukt & Grönsaker","superCategories":[]}]}]}],"packageSize":90.0,"packageSizeInformation":"90 gram ungefärlig vikt","packageSizeUnit":"gram ungefärlig vikt","pieceWeight":0.09,"salesPrice":6.95,"salesPriceData":{"b2cPrice":6.95,"b2bPrice":6.21},"piecePrice":6.95,"piecePriceData":{"b2cPrice":6.95,"b2bPrice":6.21},"salesUnit":"Styck","comparativePriceText":"kr/kg","comparativePriceUnit":{"unit":"kg","text":"kr/kg"},"comparativePrice":77.22,"comparativePriceData":{"b2cPrice":77.22,"b2bPrice":68.95},"articleSold":false,"deposit":0.0,"depositData":{"b2cPrice":0.0,"b2bPrice":0.0},"vat":{"code":"vat-full-2","value":12.0,"type":"Percentage"},"animalFoodData":{},"onlinePromotions":[{"id":"016001_36098","price":15.0,"priceData":{"b2cPrice":15.0,"b2bPrice":13.39},"startDate":"2025-08-31T22:00:00Z","endDate":"2025-09-07T22:00:00Z","message":"LIME 3 FÖR 15 KR-3 för 15:-","type":"MULTI_BUY_FIXED_PRICE","numberOfProductRequired":3,"medMeraRequired":false,"priority":910,"comparativePrice":{"b2cPrice":55.55,"b2bPrice":49.6},"higherThanHistoricalPrice":false}],"fromSweden":false,"availableOnline":true,"isMagazine":false,"nutrientBasis":{},"originCountry":{"code":"BRAZIL","value":"Brasilien"},"replacementCountries":[],"class":"Klass 1","pharmaceuticalData":{"isPharmaceutical":false},"sustainabilityInfoApplicable":true},{"id":"2317403500005","type":"Product","ean":"2317403500005","name":"Nektarin","description":"Produkten varierar något i storlek och vikt. När du handlar hos oss visar vi en uppskattad vikt för varan och ett pris baserat på kilopriset. Ni debiteras efter vi plockat ihop era varor den verkliga vikten.<br> Vi garanterar att du alltid betalar för varans verkliga vikt.","imageUrl":"http://res.cloudinary.com/coopsverige/image/upload/v1440062728/49623.tiff","navCategories":[{"code":"334451","name":"Nektariner & Persikor","superCategories":[{"code":"32484","name":"Frukt & bär","superCategories":[{"code":"16534","name":"Frukt & Grönsaker","superCategories":[]}]}]}],"packageSize":180.0,"packageSizeInformation":"180 gram ungefärlig vikt","packageSizeUnit":"gram ungefärlig vikt","pieceWeight":0.18,"salesPrice":45.95,"salesPriceData":{"b2cPrice":45.95,"b2bPrice":41.03},"piecePrice":8.27,"piecePriceData":{"b2cPrice":8.27,"b2bPrice":7.38},"salesUnit":"Vikt","comparativePriceText":"kr/kg","comparativePriceUnit":{"unit":"kg","text":"kr/kg"},"comparativePrice":45.95,"comparativePriceData":{"b2cPrice":45.95,"b2bPrice":41.03},"articleSold":false,"deposit":0.0,"depositData":{"b2cPrice":0.0,"b2bPrice":0.0},"vat":{"code":"vat-full-2","value":12.0,"type":"Percentage"},"animalFoodData":{},"fromSweden":false,"availableOnline":true,"isMagazine":false,"nutrientBasis":{},"originCountry":{"code":"ITALY","value":"Italien"},"replacementCountries":[],"class":"Klass 1","pharmaceuticalData":{"isPharmaceutical":false},"sustainabilityInfoApplicable":true},{"id":"7340007902048","type":"Product","ean":"7340007902048","name":"Vitlök","imageUrl":"http://res.cloudinary.com/coopsverige/image/upload/v1642152843/cloud/243004.tiff","navCategories":[{"code":"334459","name":"Lök","superCategories":[{"code":"32361","name":"Grönsaker","superCategories":[{"code":"16534","name":"Frukt & Grönsaker","superCategories":[]}]}]}],"packageSize":100.0,"packageSizeInformation":"100 g","packageSizeUnit":"Gram","pieceWeight":0.1,"salesPrice":12.0,"salesPriceData":{"b2cPrice":12.0,"b2bPrice":10.71},"piecePrice":12.0,"piecePriceData":{"b2cPrice":12.0,"b2bPrice":10.71},"salesUnit":"Styck","comparativePriceText":"kr/kg","comparativePriceUnit":{"unit":"kg","text":"kr/kg"},"comparativePrice":120.0,"comparativePriceData":{"b2cPrice":120.0,"b2bPrice":107.14},"articleSold":false,"deposit":0.0,"depositData":{"b2cPrice":0.0,"b2bPrice":0.0},"vat":{"code":"vat-full-2","value":12.0,"type":"Percentage"},"animalFoodData":{},"fromSweden":false,"availableOnline":true,"countryOfOriginCodes":[{"code":"724","value":"Spanien"}],"isMagazine":false,"nutrientBasis":{},"originCountry":{"code":"SPAIN","value":"Spanien"},"replacementCountries":[],"class":"Klass 1","pharmaceuticalData":{"isPharmaceutical":false},"sustainabilityInfo":[{"productScore":[{"score":2.0,"param":"Biologisk mångfald","paramId":"biodiversity"},{"score":2.0,"param":"Klimat","paramId":"climate"},{"score":2.0,"param":"Bördighet","paramId":"soil_fertility"},{"score":2.0,"param":"Vatten","paramId":"water"},{"score":2.0,"param":"Bekämpningsmedel","paramId":"pesticides"},{"score":2.0,"param":"Övergödning","paramId":"eutrophication"},{"score":null,"param":"Djuromsorg och antibiotika","paramId":"animal_welfare_antibiotics"},{"score":2.5,"param":"Arbetsförhållanden","paramId":"working_conditions"},{"score":3.0,"param":"Lokalbefolkning","paramId":"local_population"},{"score":3.0,"param":"Lagefterlevnad och spårbarhet","paramId":"compliance_traceability"}]}],"sustainabilityInfoApplicable":true},{"id":"7340007905742","type":"Product","ean":"7340007905742","name":"Vitlök Eko","imageUrl":"http://res.cloudinary.com/coopsverige/image/upload/v1756801756/cloud/509837.jpg","navCategories":[{"code":"334459","name":"Lök","superCategories":[{"code":"32361","name":"Grönsaker","superCategories":[{"code":"16534","name":"Frukt & Grönsaker","superCategories":[]}]}]}],"accreditedTags":[{"code":"EU_ORGANIC_FARMING","description":"EU Lövet","imageUrl":"https://res.cloudinary.com/coopsverige/image/upload/cooponline/produktmarkning/EUOrganicFarmingLogo.jpg","priority":180}],"packageSize":100.0,"packageSizeInformation":"100 g","packageSizeUnit":"Gram","salesPrice":14.95,"salesPriceData":{"b2cPrice":14.95,"b2bPrice":13.35},"piecePrice":14.95,"piecePriceData":{"b2cPrice":14.95,"b2bPrice":13.35},"salesUnit":"Styck","comparativePriceText":"kr/kg","comparativePriceUnit":{"unit":"kg","text":"kr/kg"},"comparativePrice":149.5,"comparativePriceData":{"b2cPrice":149.5,"b2bPrice":133.48},"articleSold":false,"deposit":0.0,"depositData":{"b2cPrice":0.0,"b2bPrice":0.0},"vat":{"code":"vat-full-2","value":12.0,"type":"Percentage"},"animalFoodData":{},"fromSweden":false,"availableOnline":true,"isMagazine":false,"nutrientBasis":{},"originCountry":{"code":"SPAIN","value":"Spanien"},"replacementCountries":[],"class":"Klass 1","pharmaceuticalData":{"isPharmaceutical":false},"sustainabilityInfo":[{"productScore":[{"score":1.0,"param":"Biologisk mångfald","paramId":"biodiversity"},{"score":2.0,"param":"Klimat","paramId":"climate"},{"score":1.0,"param":"Bördighet","paramId":"soil_fertility"},{"score":2.0,"param":"Vatten","paramId":"water"},{"score":1.0,"param":"Bekämpningsmedel","paramId":"pesticides"},{"score":1.0,"param":"Övergödning","paramId":"eutrophication"},{"score":null,"param":"Djuromsorg och antibiotika","paramId":"animal_welfare_antibiotics"},{"score":2.5,"param":"Arbetsförhållanden","paramId":"working_conditions"},{"score":3.0,"param":"Lokalbefolkning","paramId":"local_population"},{"score":1.0,"param":"Lagefterlevnad och spårbarhet","paramId":"compliance_traceability"}]}],"sustainabilityInfoApplicable":true},{"id":"2317402100008","type":"Product","ean":"2317402100008","name":"Äpple","description":"Produkten varierar något i storlek och vikt. När du handlar hos oss visar vi en uppskattad vikt för varan och ett pris baserat på kilopriset. Ni debiteras efter vi plockat ihop era varor den verkliga vikten. Vi garanterar att du alltid betalar för varans verkliga vikt.","imageUrl":"http://res.cloudinary.com/coopsverige/image/upload/v1440062677/49617.tiff","navCategories":[{"code":"32486","name":"Äpple","superCategories":[{"code":"32484","name":"Frukt & bär","superCategories":[{"code":"16534","name":"Frukt & Grönsaker","superCategories":[]}]}]}],"packageSize":160.0,"packageSizeInformation":"160 gram ungefärlig vikt","packageSizeUnit":"gram ungefärlig vikt","pieceWeight":0.16,"salesPrice":27.95,"salesPriceData":{"b2cPrice":27.95,"b2bPrice":24.96},"piecePrice":4.47,"piecePriceData":{"b2cPrice":4.47,"b2bPrice":3.99},"salesUnit":"Vikt","comparativePriceText":"kr/kg","comparativePriceUnit":{"unit":"kg","text":"kr/kg"},"comparativePrice":27.95,"comparativePriceData":{"b2cPrice":27.95,"b2bPrice":24.96},"articleSold":false,"deposit":0.0,"depositData":{"b2cPrice":0.0,"b2bPrice":0.0},"vat":{"code":"vat-full-2","value":12.0,"type":"Percentage"},"animalFoodData":{},"fromSweden":false,"availableOnline":true,"isMagazine":false,"nutrientBasis":{},"originCountry":{"code":"ITALY","value":"Italien"},"replacementCountries":[],"variety":"Golden Delicious","class":"Klass 1","pharmaceuticalData":{"isPharmaceutical":false},"sustainabilityInfoApplicable":true},{"id":"7340007902161","type":"Product","ean":"7340007902161","name":"Schalottenlök","imageUrl":"http://res.cloudinary.com/coopsverige/image/upload/v1439901877/48334.tiff","navCategories":[{"code":"334459","name":"Lök","superCategories":[{"code":"32361","name":"Grönsaker","superCategories":[{"code":"16534","name":"Frukt & Grönsaker","superCategories":[]}]}]}],"packageSize":250.0,"packageSizeInformation":"250 g","packageSizeUnit":"Gram","salesPrice":21.95,"salesPriceData":{"b2cPrice":21.95,"b2bPrice":19.6},"piecePrice":21.95,"piecePriceData":{"b2cPrice":21.95,"b2bPrice":19.6},"salesUnit":"Styck","comparativePriceText":"kr/kg","comparativePriceUnit":{"unit":"kg","text":"kr/kg"},"comparativePrice":87.8,"comparativePriceData":{"b2cPrice":87.8,"b2bPrice":78.39},"articleSold":false,"deposit":0.0,"depositData":{"b2cPrice":0.0,"b2bPrice":0.0},"vat":{"code":"vat-full-2","value":12.0,"type":"Percentage"},"animalFoodData":{},"fromSweden":false,"availableOnline":true,"isMagazine":false,"nutrientBasis":{},"originCountry":{"code":"FRANCE","value":"Frankrike"},"replacementCountries":[],"class":"Klass 1","pharmaceuticalData":{"isPharmaceutical":false},"sustainabilityInfo":[{"productScore":[{"score":2.0,"param":"Biologisk mångfald","paramId":"biodiversity"},{"score":1.0,"param":"Klimat","paramId":"climate"},{"score":3.0,"param":"Bördighet","paramId":"soil_fertility"},{"score":1.0,"param":"Vatten","paramId":"water"},{"score":2.0,"param":"Bekämpningsmedel","paramId":"pesticides"},{"score":2.0,"param":"Övergödning","paramId":"eutrophication"},{"score":null,"param":"Djuromsorg och antibiotika","paramId":"animal_welfare_antibiotics"},{"score":1.0,"param":"Arbetsförhållanden","paramId":"working_conditions"},{"score":1.0,"param":"Lokalbefolkning","paramId":"local_population"},{"score":1.0,"param":"Lagefterlevnad och spårbarhet","paramId":"compliance_traceability"}]}],"sustainabilityInfoApplicable":true},{"id":"2317301700002","type":"Product","ean":"2317301700002","name":"Päron","description":"Produkten varierar något i storlek och vikt. När du handlar hos oss visar vi en uppskattad vikt för varan och ett pris baserat på kilopriset. Ni debiteras efter vi plockat ihop era varor den verkliga vikten.<br> Vi garanterar att du alltid betalar för varans verkliga vikt.","imageUrl":"http://res.cloudinary.com/coopsverige/image/upload/v1440062428/49576.tiff","navCategories":[{"code":"32488","name":"Päron","superCategories":[{"code":"32484","name":"Frukt & bär","superCategories":[{"code":"16534","name":"Frukt & Grönsaker","superCategories":[]}]}]}],"packageSize":220.0,"packageSizeInformation":"220 gram ungefärlig vikt","packageSizeUnit":"gram ungefärlig vikt","pieceWeight":0.22,"salesPrice":32.95,"salesPriceData":{"b2cPrice":32.95,"b2bPrice":29.42},"piecePrice":7.25,"piecePriceData":{"b2cPrice":7.25,"b2bPrice":6.47},"salesUnit":"Vikt","comparativePriceText":"kr/kg","comparativePriceUnit":{"unit":"kg","text":"kr/kg"},"comparativePrice":32.95,"comparativePriceData":{"b2cPrice":32.95,"b2bPrice":29.42},"articleSold":false,"deposit":0.0,"depositData":{"b2cPrice":0.0,"b2bPrice":0.0},"vat":{"code":"vat-full-2","value":12.0,"type":"Percentage"},"animalFoodData":{},"fromSweden":false,"availableOnline":true,"isMagazine":false,"nutrientBasis":{},"originCountry":{"code":"THE NETHERLANDS","value":"Nederländerna"},"replacementCountries":[],"variety":"Conference","class":"Klass 1","pharmaceuticalData":{"isPharmaceutical":false},"sustainabilityInfo":[{"productScore":[{"score":2.0,"param":"Biologisk mångfald","paramId":"biodiversity"},{"score":1.0,"param":"Klimat","paramId":"climate"},{"score":1.5,"param":"Bördighet","paramId":"soil_fertility"},{"score":2.0,"param":"Vatten","paramId":"water"},{"score":2.0,"param":"Bekämpningsmedel","paramId":"pesticides"},{"score":2.0,"param":"Övergödning","paramId":"eutrophication"},{"score":null,"param":"Djuromsorg och antibiotika","paramId":"animal_welfare_antibiotics"},{"score":2.5,"param":"Arbetsförhållanden","paramId":"working_conditions"},{"score":1.5,"param":"Lokalbefolkning","paramId":"local_population"},{"score":1.0,"param":"Lagefterlevnad och spårbarhet","paramId":"compliance_traceability"}]}],"sustainabilityInfoApplicable":true},{"id":"2339417300006","type":"Product","ean":"2339417300006","name":"Äpple Eko","description":"Produkten varierar något i storlek och vikt. När du handlar hos oss visar vi en uppskattad vikt för varan och ett pris baserat på kilopriset. Ni debiteras efter vi plockat ihop era varor den verkliga vikten. Vi garanterar att du alltid betalar för varans verkliga vikt.","imageUrl":"http://res.cloudinary.com/coopsverige/image/upload/v1646162266/cloud/182229.tiff","navCategories":[{"code":"32486","name":"Äpple","superCategories":[{"code":"32484","name":"Frukt & bär","superCategories":[{"code":"16534","name":"Frukt & Grönsaker","superCategories":[]}]}]}],"accreditedTags":[{"code":"KRAV_MARK","description":"KRAV","imageUrl":"https://res.cloudinary.com/coopsverige/image/upload/v1750847718/cooponline/Icons/2025/krav-logo_z2ptpn.png","priority":100}],"packageSize":185.0,"packageSizeInformation":"185 gram ungefärlig vikt","packageSizeUnit":"gram ungefärlig vikt","pieceWeight":0.185,"salesPrice":42.95,"salesPriceData":{"b2cPrice":42.95,"b2bPrice":38.35},"piecePrice":7.95,"piecePriceData":{"b2cPrice":7.95,"b2bPrice":7.1},"salesUnit":"Vikt","comparativePriceText":"kr/kg","comparativePriceUnit":{"unit":"kg","text":"kr/kg"},"comparativePrice":42.95,"comparativePriceData":{"b2cPrice":42.95,"b2bPrice":38.35},"articleSold":false,"deposit":0.0,"depositData":{"b2cPrice":0.0,"b2bPrice":0.0},"vat":{"code":"vat-full-2","value":12.0,"type":"Percentage"},"animalFoodData":{},"fromSweden":false,"availableOnline":true,"isMagazine":false,"nutrientBasis":{},"originCountry":{"code":"ITALY","value":"Italien"},"replacementCountries":[],"variety":"Royal Gala","class":"Klass 1","pharmaceuticalData":{"isPharmaceutical":false},"sustainabilityInfoApplicable":true},{"id":"7300170030313","type":"Product","ean":"7300170030313","name":"Grapefrukt Röd","description":"Produkten varierar något i storlek och vikt. När du handlar hos oss visar vi en uppskattad vikt för varan och ett pris baserat på kilopriset. Ni debiteras efter vi plockat ihop era varor den verkliga vikten. Vi garanterar att du alltid betalar för varans verkliga vikt.","imageUrl":"http://res.cloudinary.com/coopsverige/image/upload/v1580737420/392266.jpg","navCategories":[{"code":"32492","name":"Citrusfrukt","superCategories":[{"code":"32484","name":"Frukt & bär","superCategories":[{"code":"16534","name":"Frukt & Grönsaker","superCategories":[]}]}]}],"packageSize":250.0,"packageSizeInformation":"250 g","packageSizeUnit":"Gram","salesPrice":11.95,"salesPriceData":{"b2cPrice":11.95,"b2bPrice":10.67},"piecePrice":11.95,"piecePriceData":{"b2cPrice":11.95,"b2bPrice":10.67},"salesUnit":"Styck","comparativePriceText":"kr/kg","comparativePriceUnit":{"unit":"kg","text":"kr/kg"},"comparativePrice":47.8,"comparativePriceData":{"b2cPrice":47.8,"b2bPrice":42.68},"articleSold":false,"deposit":0.0,"depositData":{"b2cPrice":0.0,"b2bPrice":0.0},"vat":{"code":"vat-full-2","value":12.0,"type":"Percentage"},"animalFoodData":{},"onlinePromotions":[{"id":"016001_36104","price":18.0,"priceData":{"b2cPrice":18.0,"b2bPrice":16.07},"startDate":"2025-08-31T22:00:00Z","endDate":"2025-09-07T22:00:00Z","message":"GRAPE 2 FÖR 18 KR-2 för 18:-","type":"MULTI_BUY_FIXED_PRICE","numberOfProductRequired":2,"medMeraRequired":false,"priority":910,"comparativePrice":{"b2cPrice":36.0,"b2bPrice":32.14},"higherThanHistoricalPrice":false}],"fromSweden":false,"availableOnline":true,"isMagazine":false,"nutrientBasis":{},"originCountry":{"code":"SOUTH AFRICA","value":"Sydafrika"},"replacementCountries":[],"class":"Klass 1","pharmaceuticalData":{"isPharmaceutical":false},"sustainabilityInfoApplicable":true},{"id":"7340007902178","type":"Product","ean":"7340007902178","name":"Vitlök","imageUrl":"http://res.cloudinary.com/coopsverige/image/upload/v1445541944/81083.tiff","navCategories":[{"code":"334459","name":"Lök","superCategories":[{"code":"32361","name":"Grönsaker","superCategories":[{"code":"16534","name":"Frukt & Grönsaker","superCategories":[]}]}]}],"packageSize":250.0,"packageSizeInformation":"250 g","packageSizeUnit":"Gram","salesPrice":29.95,"salesPriceData":{"b2cPrice":29.95,"b2bPrice":26.74},"piecePrice":29.95,"piecePriceData":{"b2cPrice":29.95,"b2bPrice":26.74},"salesUnit":"Styck","comparativePriceText":"kr/kg","comparativePriceUnit":{"unit":"kg","text":"kr/kg"},"comparativePrice":119.8,"comparativePriceData":{"b2cPrice":119.8,"b2bPrice":106.96},"articleSold":false,"deposit":0.0,"depositData":{"b2cPrice":0.0,"b2bPrice":0.0},"vat":{"code":"vat-full-2","value":12.0,"type":"Percentage"},"animalFoodData":{},"fromSweden":false,"availableOnline":true,"isMagazine":false,"nutrientBasis":{},"originCountry":{"code":"SPAIN","value":"Spanien"},"replacementCountries":[],"class":"Klass 1","pharmaceuticalData":{"isPharmaceutical":false},"sustainabilityInfo":[{"productScore":[{"score":2.0,"param":"Biologisk mångfald","paramId":"biodiversity"},{"score":2.0,"param":"Klimat","paramId":"climate"},{"score":2.0,"param":"Bördighet","paramId":"soil_fertility"},{"score":2.0,"param":"Vatten","paramId":"water"},{"score":2.0,"param":"Bekämpningsmedel","paramId":"pesticides"},{"score":2.0,"param":"Övergödning","paramId":"eutrophication"},{"score":null,"param":"Djuromsorg och antibiotika","paramId":"animal_welfare_antibiotics"},{"score":2.5,"param":"Arbetsförhållanden","paramId":"working_conditions"},{"score":3.0,"param":"Lokalbefolkning","paramId":"local_population"},{"score":3.0,"param":"Lagefterlevnad och spårbarhet","paramId":"compliance_traceability"}]}],"sustainabilityInfoApplicable":true},{"id":"2317414700005","type":"Product","ean":"2317414700005","name":"Äpple","description":"Produkten varierar något i storlek och vikt. När du handlar hos oss visar vi en uppskattad vikt för varan och ett pris baserat på kilopriset. Ni debiteras efter vi plockat ihop era varor den verkliga vikten. Vi garanterar att du alltid betalar för varans verkliga vikt.","imageUrl":"http://res.cloudinary.com/coopsverige/image/upload/v1440062857/49642.tiff","navCategories":[{"code":"32486","name":"Äpple","superCategories":[{"code":"32484","name":"Frukt & bär","superCategories":[{"code":"16534","name":"Frukt & Grönsaker","superCategories":[]}]}]}],"packageSize":250.0,"packageSizeInformation":"250 gram ungefärlig vikt","packageSizeUnit":"gram ungefärlig vikt","pieceWeight":0.25,"salesPrice":29.95,"salesPriceData":{"b2cPrice":29.95,"b2bPrice":26.74},"piecePrice":7.49,"piecePriceData":{"b2cPrice":7.49,"b2bPrice":6.69},"salesUnit":"Vikt","comparativePriceText":"kr/kg","comparativePriceUnit":{"unit":"kg","text":"kr/kg"},"comparativePrice":29.95,"comparativePriceData":{"b2cPrice":29.95,"b2bPrice":26.74},"articleSold":false,"deposit":0.0,"depositData":{"b2cPrice":0.0,"b2bPrice":0.0},"vat":{"code":"vat-full-2","value":12.0,"type":"Percentage"},"animalFoodData":{},"fromSweden":false,"availableOnline":true,"countryOfOriginCodes":[{"code":"616","value":"Polen"}],"isMagazine":false,"nutrientBasis":{},"originCountry":{"code":"POLAND","value":"Polen"},"replacementCountries":[],"variety":"Jonagored","class":"Klass 1","pharmaceuticalData":{"isPharmaceutical":false},"sustainabilityInfoApplicable":true},{"id":"7340007902208","type":"Product","ean":"7340007902208","name":"Silverlök","imageUrl":"http://res.cloudinary.com/coopsverige/image/upload/v1445538589/80670.tiff","navCategories":[{"code":"334459","name":"Lök","superCategories":[{"code":"32361","name":"Grönsaker","superCategories":[{"code":"16534","name":"Frukt & Grönsaker","superCategories":[]}]}]}],"packageSize":300.0,"packageSizeInformation":"300 g","packageSizeUnit":"Gram","salesPrice":19.95,"salesPriceData":{"b2cPrice":19.95,"b2bPrice":17.81},"piecePrice":19.95,"piecePriceData":{"b2cPrice":19.95,"b2bPrice":17.81},"salesUnit":"Styck","comparativePriceText":"kr/kg","comparativePriceUnit":{"unit":"kg","text":"kr/kg"},"comparativePrice":66.5,"comparativePriceData":{"b2cPrice":66.5,"b2bPrice":59.38},"articleSold":false,"deposit":0.0,"depositData":{"b2cPrice":0.0,"b2bPrice":0.0},"vat":{"code":"vat-full-2","value":12.0,"type":"Percentage"},"animalFoodData":{},"fromSweden":false,"availableOnline":true,"countryOfOriginCodes":[{"code":"724","value":"Spanien"}],"isMagazine":false,"nutrientBasis":{},"originCountry":{"code":"SPAIN","value":"Spanien"},"replacementCountries":[],"class":"Klass 1","pharmaceuticalData":{"isPharmaceutical":false},"sustainabilityInfo":[{"productScore":[{"score":2.0,"param":"Biologisk mångfald","paramId":"biodiversity"},{"score":1.0,"param":"Klimat","paramId":"climate"},{"score":2.0,"param":"Bördighet","paramId":"soil_fertility"},{"score":2.0,"param":"Vatten","paramId":"water"},{"score":2.0,"param":"Bekämpningsmedel","paramId":"pesticides"},{"score":2.0,"param":"Övergödning","paramId":"eutrophication"},{"score":null,"param":"Djuromsorg och antibiotika","paramId":"animal_welfare_antibiotics"},{"score":1.0,"param":"Arbetsförhållanden","paramId":"working_conditions"},{"score":1.0,"param":"Lokalbefolkning","paramId":"local_population"},{"score":1.0,"param":"Lagefterlevnad och spårbarhet","paramId":"compliance_traceability"}]}],"sustainabilityInfoApplicable":true},{"id":"7340007902215","type":"Product","ean":"7340007902215","name":"Steklök","imageUrl":"http://res.cloudinary.com/coopsverige/image/upload/v1649316039/cloud/31723.tiff","navCategories":[{"code":"334459","name":"Lök","superCategories":[{"code":"32361","name":"Grönsaker","superCategories":[{"code":"16534","name":"Frukt & Grönsaker","superCategories":[]}]}]}],"packageSize":250.0,"packageSizeInformation":"250 g","packageSizeUnit":"Gram","salesPrice":17.95,"salesPriceData":{"b2cPrice":17.95,"b2bPrice":16.03},"piecePrice":17.95,"piecePriceData":{"b2cPrice":17.95,"b2bPrice":16.03},"salesUnit":"Styck","comparativePriceText":"kr/kg","comparativePriceUnit":{"unit":"kg","text":"kr/kg"},"comparativePrice":71.8,"comparativePriceData":{"b2cPrice":71.8,"b2bPrice":64.11},"articleSold":false,"deposit":0.0,"depositData":{"b2cPrice":0.0,"b2bPrice":0.0},"vat":{"code":"vat-full-2","value":12.0,"type":"Percentage"},"animalFoodData":{},"fromSweden":false,"availableOnline":true,"isMagazine":false,"nutrientBasis":{},"originCountry":{"code":"SPAIN","value":"Spanien"},"replacementCountries":[],"class":"Klass 1","pharmaceuticalData":{"isPharmaceutical":false},"sustainabilityInfo":[{"productScore":[{"score":3.5,"param":"Biologisk mångfald","paramId":"biodiversity"},{"score":1.0,"param":"Klimat","paramId":"climate"},{"score":2.5,"param":"Bördighet","paramId":"soil_fertility"},{"score":1.5,"param":"Vatten","paramId":"water"},{"score":2.0,"param":"Bekämpningsmedel","paramId":"pesticides"},{"score":2.5,"param":"Övergödning","paramId":"eutrophication"},{"score":null,"param":"Djuromsorg och antibiotika","paramId":"animal_welfare_antibiotics"},{"score":1.0,"param":"Arbetsförhållanden","paramId":"working_conditions"},{"score":1.0,"param":"Lokalbefolkning","paramId":"local_population"},{"score":1.0,"param":"Lagefterlevnad och spårbarhet","paramId":"compliance_traceability"}]}],"sustainabilityInfoApplicable":true},{"id":"7340007926143","type":"Product","ean":"7340007926143","name":"Äpple","description":"Möjliga sorter för denna produkt: Cox, Santana, Elise, Ingrid Marie, Aroma.","imageUrl":"http://res.cloudinary.com/coopsverige/image/upload/v1747655871/cloud/481541.jpg","navCategories":[{"code":"32486","name":"Äpple","superCategories":[{"code":"32484","name":"Frukt & bär","superCategories":[{"code":"16534","name":"Frukt & Grönsaker","superCategories":[]}]}]}],"packageSizeInformation":"1 kg","packageSizeUnit":"ST","salesPrice":29.95,"salesPriceData":{"b2cPrice":29.95,"b2bPrice":26.74},"piecePrice":29.95,"piecePriceData":{"b2cPrice":29.95,"b2bPrice":26.74},"salesUnit":"Styck","comparativePriceText":"kr/kg","comparativePriceUnit":{"unit":"kg","text":"kr/kg"},"comparativePrice":29.95,"comparativePriceData":{"b2cPrice":29.95,"b2bPrice":26.74},"articleSold":false,"deposit":0.0,"depositData":{"b2cPrice":0.0,"b2bPrice":0.0},"vat":{"code":"vat-full-2","value":12.0,"type":"Percentage"},"animalFoodData":{},"fromSweden":false,"availableOnline":true,"isMagazine":false,"nutrientBasis":{},"originCountry":{"code":"SWEDEN","value":"Sverige"},"replacementCountries":[],"variety":"Frida","class":"Klass 1","pharmaceuticalData":{"isPharmaceutical":false},"sustainabilityInfo":[{"productScore":[{"score":4.0,"param":"Biologisk mångfald","paramId":"biodiversity"},{"score":1.0,"param":"Klimat","paramId":"climate"},{"score":3.0,"param":"Bördighet","paramId":"soil_fertility"},{"score":1.0,"param":"Vatten","paramId":"water"},{"score":2.0,"param":"Bekämpningsmedel","paramId":"pesticides"},{"score":3.0,"param":"Övergödning","paramId":"eutrophication"},{"score":null,"param":"Djuromsorg och antibiotika","paramId":"animal_welfare_antibiotics"},{"score":1.0,"param":"Arbetsförhållanden","paramId":"working_conditions"},{"score":1.0,"param":"Lokalbefolkning","paramId":"local_population"},{"score":1.0,"param":"Lagefterlevnad och spårbarhet","paramId":"compliance_traceability"}]}],"sustainabilityInfoApplicable":true},{"id":"7300156598950","type":"Product","ean":"7300156598950","name":"Babyplommontomater","manufacturerName":"COOP","imageUrl":"http://res.cloudinary.com/coopsverige/image/upload/v1727857153/cloud/391210.jpg","navCategories":[{"code":"32408","name":"Tomat","superCategories":[{"code":"32361","name":"Grönsaker","superCategories":[{"code":"16534","name":"Frukt & Grönsaker","superCategories":[]}]}]}],"packageSize":250.0,"packageSizeInformation":"250 g","packageSizeUnit":"Gram","salesPrice":24.95,"salesPriceData":{"b2cPrice":24.95,"b2bPrice":22.28},"piecePrice":24.95,"piecePriceData":{"b2cPrice":24.95,"b2bPrice":22.28},"salesUnit":"Styck","comparativePriceText":"kr/kg","comparativePriceUnit":{"unit":"kg","text":"kr/kg"},"comparativePrice":99.8,"comparativePriceData":{"b2cPrice":99.8,"b2bPrice":89.11},"articleSold":false,"deposit":0.0,"depositData":{"b2cPrice":0.0,"b2bPrice":0.0},"vat":{"code":"vat-full-2","value":12.0,"type":"Percentage"},"animalFoodData":{},"onlinePromotions":[{"id":"016001_36097","price":40.0,"priceData":{"b2cPrice":40.0,"b2bPrice":35.71},"startDate":"2025-08-31T22:00:00Z","endDate":"2025-09-07T22:00:00Z","message":"TOMAT SÖTA 2 FÖR 40 KR-2 för 40:-","type":"MULTI_BUY_FIXED_PRICE","numberOfProductRequired":2,"medMeraRequired":false,"priority":910,"comparativePrice":{"b2cPrice":80.0,"b2bPrice":71.43},"higherThanHistoricalPrice":false}],"fromSweden":false,"availableOnline":true,"isMagazine":false,"nutrientBasis":{},"originCountry":{"code":"MOROCCO","value":"Marocko"},"replacementCountries":[{"code":"THE NETHERLANDS","value":"Nederländerna"}],"class":"Klass 1","pharmaceuticalData":{"isPharmaceutical":false},"sustainabilityInfoApplicable":true},{"id":"2317406300008","type":"Product","ean":"2317406300008","name":"Tomat ","description":"Produkten varierar något i storlek och vikt. När du handlar hos oss visar vi en uppskattad vikt för varan och ett pris baserat på kilopriset. Ni debiteras efter vi plockat ihop era varor den verkliga vikten.<br> Vi garanterar att du alltid betalar för varans verkliga vikt.","imageUrl":"http://res.cloudinary.com/coopsverige/image/upload/v1445033204/49629.tiff","navCategories":[{"code":"32408","name":"Tomat","superCategories":[{"code":"32361","name":"Grönsaker","superCategories":[{"code":"16534","name":"Frukt & Grönsaker","superCategories":[]}]}]}],"packageSize":130.0,"packageSizeInformation":"130 gram ungefärlig vikt","packageSizeUnit":"gram ungefärlig vikt","pieceWeight":0.13,"salesPrice":37.95,"salesPriceData":{"b2cPrice":37.95,"b2bPrice":33.88},"piecePrice":4.93,"piecePriceData":{"b2cPrice":4.93,"b2bPrice":4.4},"salesUnit":"Vikt","comparativePriceText":"kr/kg","comparativePriceUnit":{"unit":"kg","text":"kr/kg"},"comparativePrice":37.95,"comparativePriceData":{"b2cPrice":37.95,"b2bPrice":33.88},"articleSold":false,"deposit":0.0,"depositData":{"b2cPrice":0.0,"b2bPrice":0.0},"vat":{"code":"vat-full-2","value":12.0,"type":"Percentage"},"animalFoodData":{},"fromSweden":false,"availableOnline":true,"countryOfOriginCodes":[{"code":"724","value":"Spanien"}],"isMagazine":false,"nutrientBasis":{},"originCountry":{"code":"THE NETHERLANDS","value":"Nederländerna"},"replacementCountries":[],"class":"Klass 1","pharmaceuticalData":{"isPharmaceutical":false},"sustainabilityInfo":[{"productScore":[{"score":2.0,"param":"Biologisk mångfald","paramId":"biodiversity"},{"score":1.5,"param":"Klimat","paramId":"climate"},{"score":2.5,"param":"Bördighet","paramId":"soil_fertility"},{"score":1.5,"param":"Vatten","paramId":"water"},{"score":2.0,"param":"Bekämpningsmedel","paramId":"pesticides"},{"score":2.0,"param":"Övergödning","paramId":"eutrophication"},{"score":null,"param":"Djuromsorg och antibiotika","paramId":"animal_welfare_antibiotics"},{"score":2.0,"param":"Arbetsförhållanden","paramId":"working_conditions"},{"score":2.5,"param":"Lokalbefolkning","paramId":"local_population"},{"score":1.0,"param":"Lagefterlevnad och spårbarhet","paramId":"compliance_traceability"}]}],"sustainabilityInfoApplicable":true},{"id":"2317468900000","type":"Product","ean":"2317468900000","name":"Paprika Gul","description":"Produkten varierar något i storlek och vikt. När du handlar hos oss visar vi en uppskattad vikt för varan och ett pris baserat på kilopriset. Ni debiteras efter vi plockat ihop era varor den verkliga vikten.<br> Vi garanterar att du alltid betalar för varans verkliga vikt.","imageUrl":"http://res.cloudinary.com/coopsverige/image/upload/v1440063224/49695.tiff","navCategories":[{"code":"198002","name":"Paprika","superCategories":[{"code":"32361","name":"Grönsaker","superCategories":[{"code":"16534","name":"Frukt & Grönsaker","superCategories":[]}]}]}],"packageSize":225.0,"packageSizeInformation":"225 gram ungefärlig vikt","packageSizeUnit":"gram ungefärlig vikt","pieceWeight":0.225,"salesPrice":49.95,"salesPriceData":{"b2cPrice":49.95,"b2bPrice":44.6},"piecePrice":11.24,"piecePriceData":{"b2cPrice":11.24,"b2bPrice":10.04},"salesUnit":"Vikt","comparativePriceText":"kr/kg","comparativePriceUnit":{"unit":"kg","text":"kr/kg"},"comparativePrice":49.95,"comparativePriceData":{"b2cPrice":49.95,"b2bPrice":44.6},"articleSold":false,"deposit":0.0,"depositData":{"b2cPrice":0.0,"b2bPrice":0.0},"vat":{"code":"vat-full-2","value":12.0,"type":"Percentage"},"animalFoodData":{},"fromSweden":false,"availableOnline":true,"isMagazine":false,"nutrientBasis":{},"originCountry":{"code":"THE NETHERLANDS","value":"Nederländerna"},"replacementCountries":[],"class":"Klass 1","pharmaceuticalData":{"isPharmaceutical":false},"sustainabilityInfo":[{"productScore":[{"score":2.0,"param":"Biologisk mångfald","paramId":"biodiversity"},{"score":2.0,"param":"Klimat","paramId":"climate"},{"score":2.0,"param":"Bördighet","paramId":"soil_fertility"},{"score":2.0,"param":"Vatten","paramId":"water"},{"score":2.0,"param":"Bekämpningsmedel","paramId":"pesticides"},{"score":2.0,"param":"Övergödning","paramId":"eutrophication"},{"score":null,"param":"Djuromsorg och antibiotika","paramId":"animal_welfare_antibiotics"},{"score":1.5,"param":"Arbetsförhållanden","paramId":"working_conditions"},{"score":2.0,"param":"Lokalbefolkning","paramId":"local_population"},{"score":2.0,"param":"Lagefterlevnad och spårbarhet","paramId":"compliance_traceability"}]}],"sustainabilityInfoApplicable":true},{"id":"7300156596734","type":"Product","ean":"7300156596734","name":"Lök Gul","manufacturerName":"COOP","imageUrl":"http://res.cloudinary.com/coopsverige/image/upload/v1699258907/cloud/297908.jpg","navCategories":[{"code":"334459","name":"Lök","superCategories":[{"code":"32361","name":"Grönsaker","superCategories":[{"code":"16534","name":"Frukt & Grönsaker","superCategories":[]}]}]}],"packageSize":1000.0,"packageSizeInformation":"1000 g","packageSizeUnit":"Gram","salesPrice":14.95,"salesPriceData":{"b2cPrice":14.95,"b2bPrice":13.35},"piecePrice":14.95,"piecePriceData":{"b2cPrice":14.95,"b2bPrice":13.35},"salesUnit":"Styck","comparativePriceText":"kr/kg","comparativePriceUnit":{"unit":"kg","text":"kr/kg"},"comparativePrice":14.95,"comparativePriceData":{"b2cPrice":14.95,"b2bPrice":13.35},"articleSold":false,"deposit":0.0,"depositData":{"b2cPrice":0.0,"b2bPrice":0.0},"vat":{"code":"vat-full-2","value":12.0,"type":"Percentage"},"animalFoodData":{},"fromSweden":false,"availableOnline":true,"isMagazine":false,"nutrientBasis":{},"originCountry":{"code":"SWEDEN","value":"Sverige"},"replacementCountries":[],"class":"Klass 1","pharmaceuticalData":{"isPharmaceutical":false},"sustainabilityInfoApplicable":true},{"id":"2317406100004","type":"Product","ean":"2317406100004","name":"Isbergsallat","description":"Produkten varierar något i storlek och vikt. När du handlar hos oss visar vi en uppskattad vikt för varan och ett pris baserat på kilopriset. Ni debiteras efter vi plockat ihop era varor den verkliga vikten.<br> Vi garanterar att du alltid betalar för varans verkliga vikt.","imageUrl":"http://res.cloudinary.com/coopsverige/image/upload/v1440062755/49628.tiff","navCategories":[{"code":"32456","name":"Sallad & Groddar","superCategories":[{"code":"32361","name":"Grönsaker","superCategories":[{"code":"16534","name":"Frukt & Grönsaker","superCategories":[]}]}]}],"packageSize":750.0,"packageSizeInformation":"750 gram ungefärlig vikt","packageSizeUnit":"gram ungefärlig vikt","pieceWeight":0.75,"salesPrice":33.95,"salesPriceData":{"b2cPrice":33.95,"b2bPrice":30.31},"piecePrice":25.46,"piecePriceData":{"b2cPrice":25.46,"b2bPrice":22.73},"salesUnit":"Vikt","comparativePriceText":"kr/kg","comparativePriceUnit":{"unit":"kg","text":"kr/kg"},"comparativePrice":33.95,"comparativePriceData":{"b2cPrice":33.95,"b2bPrice":30.31},"articleSold":false,"deposit":0.0,"depositData":{"b2cPrice":0.0,"b2bPrice":0.0},"vat":{"code":"vat-full-2","value":12.0,"type":"Percentage"},"animalFoodData":{},"fromSweden":false,"availableOnline":true,"isMagazine":false,"nutrientBasis":{},"originCountry":{"code":"SWEDEN","value":"Sverige"},"replacementCountries":[],"class":"Klass 1","pharmaceuticalData":{"isPharmaceutical":false},"sustainabilityInfo":[{"productScore":[{"score":2.0,"param":"Biologisk mångfald","paramId":"biodiversity"},{"score":1.0,"param":"Klimat","paramId":"climate"},{"score":2.0,"param":"Bördighet","paramId":"soil_fertility"},{"score":2.0,"param":"Vatten","paramId":"water"},{"score":2.0,"param":"Bekämpningsmedel","paramId":"pesticides"},{"score":2.0,"param":"Övergödning","paramId":"eutrophication"},{"score":null,"param":"Djuromsorg och antibiotika","paramId":"animal_welfare_antibiotics"},{"score":2.0,"param":"Arbetsförhållanden","paramId":"working_conditions"},{"score":2.5,"param":"Lokalbefolkning","paramId":"local_population"},{"score":1.0,"param":"Lagefterlevnad och spårbarhet","paramId":"compliance_traceability"}]}],"sustainabilityInfoApplicable":true},{"id":"7340007904530","type":"Product","ean":"7340007904530","name":"Tomat Kvist Eko 500Gr","imageUrl":"http://res.cloudinary.com/coopsverige/image/upload/v1445542176/81116.tiff","navCategories":[{"code":"32408","name":"Tomat","superCategories":[{"code":"32361","name":"Grönsaker","superCategories":[{"code":"16534","name":"Frukt & Grönsaker","superCategories":[]}]}]}],"accreditedTags":[{"code":"EU_ORGANIC_FARMING","description":"EU Lövet","imageUrl":"https://res.cloudinary.com/coopsverige/image/upload/cooponline/produktmarkning/EUOrganicFarmingLogo.jpg","priority":180}],"packageSize":500.0,"packageSizeInformation":"500 GR","packageSizeUnit":"Gram","salesPrice":39.95,"salesPriceData":{"b2cPrice":39.95,"b2bPrice":35.67},"piecePrice":39.95,"piecePriceData":{"b2cPrice":39.95,"b2bPrice":35.67},"salesUnit":"Styck","comparativePriceText":"kr/kg","comparativePriceUnit":{"unit":"kg","text":"kr/kg"},"comparativePrice":79.9,"comparativePriceData":{"b2cPrice":79.9,"b2bPrice":71.34},"articleSold":false,"deposit":0.0,"depositData":{"b2cPrice":0.0,"b2bPrice":0.0},"vat":{"code":"vat-full-2","value":12.0,"type":"Percentage"},"animalFoodData":{},"fromSweden":false,"availableOnline":true,"isMagazine":false,"nutrientBasis":{},"originCountry":{"code":"SPAIN","value":"Spanien"},"replacementCountries":[],"class":"Klass 1","pharmaceuticalData":{"isPharmaceutical":false},"sustainabilityInfo":[{"productScore":[{"score":1.0,"param":"Biologisk mångfald","paramId":"biodiversity"},{"score":2.0,"param":"Klimat","paramId":"climate"},{"score":1.0,"param":"Bördighet","paramId":"soil_fertility"},{"score":2.0,"param":"Vatten","paramId":"water"},{"score":1.0,"param":"Bekämpningsmedel","paramId":"pesticides"},{"score":1.0,"param":"Övergödning","paramId":"eutrophication"},{"score":null,"param":"Djuromsorg och antibiotika","paramId":"animal_welfare_antibiotics"},{"score":2.0,"param":"Arbetsförhållanden","paramId":"working_conditions"},{"score":2.5,"param":"Lokalbefolkning","paramId":"local_population"},{"score":1.0,"param":"Lagefterlevnad och spårbarhet","paramId":"compliance_traceability"}]}],"sustainabilityInfoApplicable":true},{"id":"7340007904370","type":"Product","ean":"7340007904370","name":"Tomat Cocktail Eko","imageUrl":"http://res.cloudinary.com/coopsverige/image/upload/v1439904729/48787.tiff","navCategories":[{"code":"32408","name":"Tomat","superCategories":[{"code":"32361","name":"Grönsaker","superCategories":[{"code":"16534","name":"Frukt & Grönsaker","superCategories":[]}]}]}],"packageSizeInformation":"250 gr","salesPrice":24.95,"salesPriceData":{"b2cPrice":24.95,"b2bPrice":22.28},"piecePrice":24.95,"piecePriceData":{"b2cPrice":24.95,"b2bPrice":22.28},"salesUnit":"Styck","comparativePriceText":"kr/kg","comparativePriceUnit":{"unit":"kg","text":"kr/kg"},"comparativePrice":99.8,"comparativePriceData":{"b2cPrice":99.8,"b2bPrice":89.11},"articleSold":false,"deposit":0.0,"depositData":{"b2cPrice":0.0,"b2bPrice":0.0},"vat":{"code":"vat-full-2","value":12.0,"type":"Percentage"},"animalFoodData":{},"fromSweden":false,"availableOnline":true,"isMagazine":false,"nutrientBasis":{},"originCountry":{"code":"SPAIN","value":"Spanien"},"replacementCountries":[],"class":"Klass 1","pharmaceuticalData":{"isPharmaceutical":false},"sustainabilityInfo":[{"productScore":[{"score":1.0,"param":"Biologisk mångfald","paramId":"biodiversity"},{"score":2.0,"param":"Klimat","paramId":"climate"},{"score":1.0,"param":"Bördighet","paramId":"soil_fertility"},{"score":2.0,"param":"Vatten","paramId":"water"},{"score":1.0,"param":"Bekämpningsmedel","paramId":"pesticides"},{"score":1.0,"param":"Övergödning","paramId":"eutrophication"},{"score":null,"param":"Djuromsorg och antibiotika","paramId":"animal_welfare_antibiotics"},{"score":2.5,"param":"Arbetsförhållanden","paramId":"working_conditions"},{"score":4.0,"param":"Lokalbefolkning","paramId":"local_population"},{"score":1.0,"param":"Lagefterlevnad och spårbarhet","paramId":"compliance_traceability"}]}],"sustainabilityInfoApplicable":true},{"id":"7340007915802","type":"Product","ean":"7340007915802","name":"Tomater Mix Gourmet  ","imageUrl":"http://res.cloudinary.com/coopsverige/image/upload/v1591770225/401222.tiff","navCategories":[{"code":"32408","name":"Tomat","superCategories":[{"code":"32361","name":"Grönsaker","superCategories":[{"code":"16534","name":"Frukt & Grönsaker","superCategories":[]}]}]}],"packageSize":300.0,"packageSizeInformation":"250 GR","salesPrice":34.95,"salesPriceData":{"b2cPrice":34.95,"b2bPrice":31.21},"piecePrice":34.95,"piecePriceData":{"b2cPrice":34.95,"b2bPrice":31.21},"salesUnit":"Styck","comparativePriceText":"kr/kg","comparativePriceUnit":{"unit":"kg","text":"kr/kg"},"comparativePrice":116.5,"comparativePriceData":{"b2cPrice":116.5,"b2bPrice":104.02},"articleSold":false,"deposit":0.0,"depositData":{"b2cPrice":0.0,"b2bPrice":0.0},"vat":{"code":"vat-full-2","value":12.0,"type":"Percentage"},"animalFoodData":{},"fromSweden":false,"availableOnline":true,"isMagazine":false,"nutrientBasis":{},"originCountry":{"code":"SWEDEN","value":"Sverige"},"replacementCountries":[],"class":"Klass 1","pharmaceuticalData":{"isPharmaceutical":false},"sustainabilityInfo":[{"productScore":[{"score":2.0,"param":"Biologisk mångfald","paramId":"biodiversity"},{"score":1.0,"param":"Klimat","paramId":"climate"},{"score":3.0,"param":"Bördighet","paramId":"soil_fertility"},{"score":1.0,"param":"Vatten","paramId":"water"},{"score":2.0,"param":"Bekämpningsmedel","paramId":"pesticides"},{"score":2.0,"param":"Övergödning","paramId":"eutrophication"},{"score":null,"param":"Djuromsorg och antibiotika","paramId":"animal_welfare_antibiotics"},{"score":1.0,"param":"Arbetsförhållanden","paramId":"working_conditions"},{"score":1.0,"param":"Lokalbefolkning","paramId":"local_population"},{"score":1.0,"param":"Lagefterlevnad och spårbarhet","paramId":"compliance_traceability"}]}],"sustainabilityInfoApplicable":true},{"id":"7311041045183","type":"Product","ean":"7311041045183","name":"Tomat Cocktail Kvist","imageUrl":"http://res.cloudinary.com/coopsverige/image/upload/v1697010599/cloud/292726.tiff","navCategories":[{"code":"32408","name":"Tomat","superCategories":[{"code":"32361","name":"Grönsaker","superCategories":[{"code":"16534","name":"Frukt & Grönsaker","superCategories":[]}]}]}],"packageSize":500.0,"packageSizeInformation":"500g","packageSizeUnit":"ST","salesPrice":42.95,"salesPriceData":{"b2cPrice":42.95,"b2bPrice":38.35},"piecePrice":42.95,"piecePriceData":{"b2cPrice":42.95,"b2bPrice":38.35},"salesUnit":"Styck","comparativePriceText":"kr/kg","comparativePriceUnit":{"unit":"kg","text":"kr/kg"},"comparativePrice":85.9,"comparativePriceData":{"b2cPrice":85.9,"b2bPrice":76.7},"articleSold":false,"deposit":0.0,"depositData":{"b2cPrice":0.0,"b2bPrice":0.0},"vat":{"code":"vat-full-2","value":12.0,"type":"Percentage"},"animalFoodData":{},"fromSweden":false,"availableOnline":true,"isMagazine":false,"nutrientBasis":{},"originCountry":{"code":"SPAIN","value":"Spanien"},"replacementCountries":[],"class":"Klass 1","pharmaceuticalData":{"isPharmaceutical":false},"sustainabilityInfo":[{"productScore":[{"score":2.0,"param":"Biologisk mångfald","paramId":"biodiversity"},{"score":2.0,"param":"Klimat","paramId":"climate"},{"score":2.0,"param":"Bördighet","paramId":"soil_fertility"},{"score":2.0,"param":"Vatten","paramId":"water"},{"score":2.0,"param":"Bekämpningsmedel","paramId":"pesticides"},{"score":2.0,"param":"Övergödning","paramId":"eutrophication"},{"score":null,"param":"Djuromsorg och antibiotika","paramId":"animal_welfare_antibiotics"},{"score":2.5,"param":"Arbetsförhållanden","paramId":"working_conditions"},{"score":3.0,"param":"Lokalbefolkning","paramId":"local_population"},{"score":3.0,"param":"Lagefterlevnad och spårbarhet","paramId":"compliance_traceability"}]}],"sustainabilityInfoApplicable":true},{"id":"7340007910494","type":"Product","ean":"7340007910494","name":"Bärnstenstomater ","imageUrl":"http://res.cloudinary.com/coopsverige/image/upload/v1749020486/cloud/486566.png","navCategories":[{"code":"32408","name":"Tomat","superCategories":[{"code":"32361","name":"Grönsaker","superCategories":[{"code":"16534","name":"Frukt & Grönsaker","superCategories":[]}]}]}],"packageSizeInformation":"300 g","salesPrice":39.95,"salesPriceData":{"b2cPrice":39.95,"b2bPrice":35.67},"piecePrice":39.95,"piecePriceData":{"b2cPrice":39.95,"b2bPrice":35.67},"salesUnit":"Styck","comparativePriceText":"kr/kg","comparativePriceUnit":{"unit":"kg","text":"kr/kg"},"comparativePrice":133.17,"comparativePriceData":{"b2cPrice":133.17,"b2bPrice":118.9},"articleSold":false,"deposit":0.0,"depositData":{"b2cPrice":0.0,"b2bPrice":0.0},"vat":{"code":"vat-full-2","value":12.0,"type":"Percentage"},"animalFoodData":{},"fromSweden":false,"availableOnline":true,"isMagazine":false,"nutrientBasis":{},"originCountry":{"code":"SWEDEN","value":"Sverige"},"replacementCountries":[],"class":"Klass 1","pharmaceuticalData":{"isPharmaceutical":false},"sustainabilityInfo":[{"productScore":[{"score":2.0,"param":"Biologisk mångfald","paramId":"biodiversity"},{"score":1.0,"param":"Klimat","paramId":"climate"},{"score":3.0,"param":"Bördighet","paramId":"soil_fertility"},{"score":1.0,"param":"Vatten","paramId":"water"},{"score":2.0,"param":"Bekämpningsmedel","paramId":"pesticides"},{"score":2.0,"param":"Övergödning","paramId":"eutrophication"},{"score":null,"param":"Djuromsorg och antibiotika","paramId":"animal_welfare_antibiotics"},{"score":1.0,"param":"Arbetsförhållanden","paramId":"working_conditions"},{"score":1.0,"param":"Lokalbefolkning","paramId":"local_population"},{"score":1.0,"param":"Lagefterlevnad och spårbarhet","paramId":"compliance_traceability"}]}],"sustainabilityInfoApplicable":true},{"id":"2317342100007","type":"Product","ean":"2317342100007","name":"Vattenmelon Mini","imageUrl":"http://res.cloudinary.com/coopsverige/image/upload/v1648473702/cloud/182664.tiff","navCategories":[{"code":"32496","name":"Melon","superCategories":[{"code":"32484","name":"Frukt & bär","superCategories":[{"code":"16534","name":"Frukt & Grönsaker","superCategories":[]}]}]}],"packageSize":3000.0,"packageSizeInformation":"3000 gram ungefärlig vikt","packageSizeUnit":"gram ungefärlig vikt","pieceWeight":3.0,"salesPrice":21.95,"salesPriceData":{"b2cPrice":21.95,"b2bPrice":19.6},"piecePrice":65.85,"piecePriceData":{"b2cPrice":65.85,"b2bPrice":58.79},"salesUnit":"Vikt","comparativePriceText":"kr/kg","comparativePriceUnit":{"unit":"kg","text":"kr/kg"},"comparativePrice":21.95,"comparativePriceData":{"b2cPrice":21.95,"b2bPrice":19.6},"articleSold":false,"deposit":0.0,"depositData":{"b2cPrice":0.0,"b2bPrice":0.0},"vat":{"code":"vat-full-2","value":12.0,"type":"Percentage"},"animalFoodData":{},"fromSweden":false,"availableOnline":true,"countryOfOriginCodes":[{"code":"724","value":"Spanien"}],"isMagazine":false,"nutrientBasis":{},"originCountry":{"code":"SPAIN","value":"Spanien"},"replacementCountries":[],"class":"Klass 1","pharmaceuticalData":{"isPharmaceutical":false},"sustainabilityInfoApplicable":true},{"id":"2317440400009","type":"Product","ean":"2317440400009","name":"Persika","description":"Produkten varierar något i storlek och vikt. När du handlar hos oss visar vi en uppskattad vikt för varan och ett pris baserat på kilopriset. Ni debiteras efter vi plockat ihop era varor den verkliga vikten.<br> Vi garanterar att du alltid betalar för varans verkliga vikt.","imageUrl":"http://res.cloudinary.com/coopsverige/image/upload/v1440062974/49661.tiff","navCategories":[{"code":"334451","name":"Nektariner & Persikor","superCategories":[{"code":"32484","name":"Frukt & bär","superCategories":[{"code":"16534","name":"Frukt & Grönsaker","superCategories":[]}]}]}],"packageSize":150.0,"packageSizeInformation":"150 gram ungefärlig vikt","packageSizeUnit":"gram ungefärlig vikt","pieceWeight":0.15,"salesPrice":45.95,"salesPriceData":{"b2cPrice":45.95,"b2bPrice":41.03},"piecePrice":6.89,"piecePriceData":{"b2cPrice":6.89,"b2bPrice":6.15},"salesUnit":"Vikt","comparativePriceText":"kr/kg","comparativePriceUnit":{"unit":"kg","text":"kr/kg"},"comparativePrice":45.95,"comparativePriceData":{"b2cPrice":45.95,"b2bPrice":41.03},"articleSold":false,"deposit":0.0,"depositData":{"b2cPrice":0.0,"b2bPrice":0.0},"vat":{"code":"vat-full-2","value":12.0,"type":"Percentage"},"animalFoodData":{},"fromSweden":false,"availableOnline":true,"isMagazine":false,"nutrientBasis":{},"originCountry":{"code":"SPAIN","value":"Spanien"},"replacementCountries":[{"code":"ITALY","value":"Italien"}],"class":"Klass 1","sustainabilityInfo":[{"productScore":[{"score":2.0,"param":"Biologisk mångfald","paramId":"biodiversity"},{"score":1.0,"param":"Klimat","paramId":"climate"},{"score":2.0,"param":"Bördighet","paramId":"soil_fertility"},{"score":2.0,"param":"Vatten","paramId":"water"},{"score":2.0,"param":"Bekämpningsmedel","paramId":"pesticides"},{"score":2.0,"param":"Övergödning","paramId":"eutrophication"},{"score":null,"param":"Djuromsorg och antibiotika","paramId":"animal_welfare_antibiotics"},{"score":3.0,"param":"Arbetsförhållanden","paramId":"working_conditions"},{"score":3.5,"param":"Lokalbefolkning","paramId":"local_population"},{"score":2.0,"param":"Lagefterlevnad och spårbarhet","paramId":"compliance_traceability"}]}],"sustainabilityInfoApplicable":true},{"id":"7300156475060","type":"Product","ean":"7300156475060","name":"Druvor Gröna","manufacturerName":"Coop","imageUrl":"http://res.cloudinary.com/coopsverige/image/upload/v1681905024/cloud/279408.jpg","navCategories":[{"code":"32494","name":"Druvor","superCategories":[{"code":"32484","name":"Frukt & bär","superCategories":[{"code":"16534","name":"Frukt & Grönsaker","superCategories":[]}]}]}],"packageSize":500.0,"packageSizeInformation":"500 g","packageSizeUnit":"Gram","salesPrice":36.95,"salesPriceData":{"b2cPrice":36.95,"b2bPrice":32.99},"piecePrice":36.95,"piecePriceData":{"b2cPrice":36.95,"b2bPrice":32.99},"promotionPrice":25.0,"promotionPriceData":{"b2cPrice":25.0,"b2bPrice":22.32},"salesUnit":"Styck","comparativePriceText":"kr/kg","comparativePriceUnit":{"unit":"kg","text":"kr/kg"},"comparativePrice":73.9,"comparativePriceData":{"b2cPrice":73.9,"b2bPrice":65.98},"articleSold":false,"deposit":0.0,"depositData":{"b2cPrice":0.0,"b2bPrice":0.0},"vat":{"code":"vat-full-2","value":12.0,"type":"Percentage"},"animalFoodData":{},"onlinePromotions":[{"id":"v.36 2025 DRUVOR","price":25.0,"priceData":{"b2cPrice":25.0,"b2bPrice":22.32},"piecePrice":25.0,"piecePriceData":{"b2cPrice":25.0,"b2bPrice":22.32},"startDate":"2025-08-31T22:00:00Z","endDate":"2025-09-07T22:00:00Z","message":"25 kr/st","type":"FIXED_PRICE","medMeraRequired":true,"priority":1000,"comparativePrice":{"b2cPrice":50.0,"b2bPrice":44.64},"higherThanHistoricalPrice":false},{"id":"016001_136893","price":25.0,"priceData":{"b2cPrice":25.0,"b2bPrice":22.32},"piecePrice":25.0,"piecePriceData":{"b2cPrice":25.0,"b2bPrice":22.32},"startDate":"2025-08-31T22:00:00Z","endDate":"2025-09-07T22:00:00Z","message":"Medlemspris-Druvor Gröna Sugraone, Regal, Thomson, Meli-25:- /st","type":"FIXED_PRICE","medMeraRequired":true,"priority":930,"comparativePrice":{"b2cPrice":50.0,"b2bPrice":44.64},"higherThanHistoricalPrice":false}],"fromSweden":false,"availableOnline":true,"isMagazine":false,"nutrientBasis":{},"originCountry":{"code":"GREECE","value":"Grekland"},"replacementCountries":[{"code":"ITALY","value":"Italien"}],"variety":"Sugraone, Regal, Thomson, Meli","class":"Klass 1","pharmaceuticalData":{"isPharmaceutical":false},"sustainabilityInfo":[{"productScore":[{"score":2.0,"param":"Biologisk mångfald","paramId":"biodiversity"},{"score":2.0,"param":"Klimat","paramId":"climate"},{"score":2.0,"param":"Bördighet","paramId":"soil_fertility"},{"score":2.0,"param":"Vatten","paramId":"water"},{"score":2.0,"param":"Bekämpningsmedel","paramId":"pesticides"},{"score":2.0,"param":"Övergödning","paramId":"eutrophication"},{"score":null,"param":"Djuromsorg och antibiotika","paramId":"animal_welfare_antibiotics"},{"score":3.0,"param":"Arbetsförhållanden","paramId":"working_conditions"},{"score":4.0,"param":"Lokalbefolkning","paramId":"local_population"},{"score":3.5,"param":"Lagefterlevnad och spårbarhet","paramId":"compliance_traceability"}]}],"sustainabilityInfoApplicable":true},{"id":"2317310000001","type":"Product","ean":"2317310000001","name":"Honungsmelon","description":"Produkten varierar något i storlek och vikt. När du handlar hos oss visar vi en uppskattad vikt för varan och ett pris baserat på kilopriset. Ni debiteras efter vi plockat ihop era varor den verkliga vikten.<br> Vi garanterar att du alltid betalar för varans verkliga vikt.","imageUrl":"http://res.cloudinary.com/coopsverige/image/upload/v1649772927/cloud/24621.tiff","navCategories":[{"code":"32496","name":"Melon","superCategories":[{"code":"32484","name":"Frukt & bär","superCategories":[{"code":"16534","name":"Frukt & Grönsaker","superCategories":[]}]}]}],"packageSize":1200.0,"packageSizeInformation":"1200 gram ungefärlig vikt","packageSizeUnit":"gram ungefärlig vikt","pieceWeight":1.2,"salesPrice":27.95,"salesPriceData":{"b2cPrice":27.95,"b2bPrice":24.96},"piecePrice":33.54,"piecePriceData":{"b2cPrice":33.54,"b2bPrice":29.95},"salesUnit":"Vikt","comparativePriceText":"kr/kg","comparativePriceUnit":{"unit":"kg","text":"kr/kg"},"comparativePrice":27.95,"comparativePriceData":{"b2cPrice":27.95,"b2bPrice":24.96},"articleSold":false,"deposit":0.0,"depositData":{"b2cPrice":0.0,"b2bPrice":0.0},"vat":{"code":"vat-full-2","value":12.0,"type":"Percentage"},"animalFoodData":{},"fromSweden":false,"availableOnline":true,"isMagazine":false,"nutrientBasis":{},"originCountry":{"code":"SPAIN","value":"Spanien"},"replacementCountries":[],"class":"Klass 1","pharmaceuticalData":{"isPharmaceutical":false},"sustainabilityInfo":[{"productScore":[{"score":2.0,"param":"Biologisk mångfald","paramId":"biodiversity"},{"score":2.0,"param":"Klimat","paramId":"climate"},{"score":2.0,"param":"Bördighet","paramId":"soil_fertility"},{"score":2.0,"param":"Vatten","paramId":"water"},{"score":2.0,"param":"Bekämpningsmedel","paramId":"pesticides"},{"score":2.0,"param":"Övergödning","paramId":"eutrophication"},{"score":null,"param":"Djuromsorg och antibiotika","paramId":"animal_welfare_antibiotics"},{"score":3.0,"param":"Arbetsförhållanden","paramId":"working_conditions"},{"score":3.5,"param":"Lokalbefolkning","paramId":"local_population"},{"score":2.5,"param":"Lagefterlevnad och spårbarhet","paramId":"compliance_traceability"}]}],"sustainabilityInfoApplicable":true},{"id":"7300156462428","type":"Product","ean":"7300156462428","name":"Citron Eko","manufacturerName":"Änglamark","imageUrl":"http://res.cloudinary.com/coopsverige/image/upload/v1598277504/405772.tiff","navCategories":[{"code":"32492","name":"Citrusfrukt","superCategories":[{"code":"32484","name":"Frukt & bär","superCategories":[{"code":"16534","name":"Frukt & Grönsaker","superCategories":[]}]}]}],"accreditedTags":[{"code":"KRAV_MARK","description":"KRAV","imageUrl":"https://res.cloudinary.com/coopsverige/image/upload/v1750847718/cooponline/Icons/2025/krav-logo_z2ptpn.png","priority":100}],"packageSize":350.0,"packageSizeInformation":"350 g","packageSizeUnit":"Gram","salesPrice":32.95,"salesPriceData":{"b2cPrice":32.95,"b2bPrice":29.42},"piecePrice":32.95,"piecePriceData":{"b2cPrice":32.95,"b2bPrice":29.42},"salesUnit":"Styck","comparativePriceText":"kr/kg","comparativePriceUnit":{"unit":"kg","text":"kr/kg"},"comparativePrice":94.14,"comparativePriceData":{"b2cPrice":94.14,"b2bPrice":84.05},"articleSold":false,"deposit":0.0,"depositData":{"b2cPrice":0.0,"b2bPrice":0.0},"vat":{"code":"vat-full-2","value":12.0,"type":"Percentage"},"animalFoodData":{},"fromSweden":false,"availableOnline":true,"isMagazine":false,"nutrientBasis":{},"originCountry":{"code":"SOUTH AFRICA","value":"Sydafrika"},"replacementCountries":[{"code":"SOUTH AFRICA","value":"Sydafrika"},{"code":"SPAIN","value":"Spanien"}],"class":"Klass 1","pharmaceuticalData":{"isPharmaceutical":false},"sustainabilityInfo":[{"productScore":[{"score":1.0,"param":"Biologisk mångfald","paramId":"biodiversity"},{"score":1.0,"param":"Klimat","paramId":"climate"},{"score":1.0,"param":"Bördighet","paramId":"soil_fertility"},{"score":2.0,"param":"Vatten","paramId":"water"},{"score":1.0,"param":"Bekämpningsmedel","paramId":"pesticides"},{"score":1.0,"param":"Övergödning","paramId":"eutrophication"},{"score":null,"param":"Djuromsorg och antibiotika","paramId":"animal_welfare_antibiotics"},{"score":2.0,"param":"Arbetsförhållanden","paramId":"working_conditions"},{"score":3.5,"param":"Lokalbefolkning","paramId":"local_population"},{"score":1.0,"param":"Lagefterlevnad och spårbarhet","paramId":"compliance_traceability"}]}],"sustainabilityInfoApplicable":true},{"id":"7300390940300","type":"Product","ean":"7300390940300","name":"Kiwi Grön Eko","imageUrl":"http://res.cloudinary.com/coopsverige/image/upload/v1443466066/49887.tiff","navCategories":[{"code":"334464","name":"Kiwi","superCategories":[{"code":"32484","name":"Frukt & bär","superCategories":[{"code":"16534","name":"Frukt & Grönsaker","superCategories":[]}]}]}],"packageSize":90.0,"packageSizeInformation":"90 gram ungefärlig vikt","packageSizeUnit":"gram ungefärlig vikt","pieceWeight":0.09,"salesPrice":9.95,"salesPriceData":{"b2cPrice":9.95,"b2bPrice":8.88},"piecePrice":9.95,"piecePriceData":{"b2cPrice":9.95,"b2bPrice":8.88},"salesUnit":"Styck","comparativePriceText":"kr/kg","comparativePriceUnit":{"unit":"kg","text":"kr/kg"},"comparativePrice":110.56,"comparativePriceData":{"b2cPrice":110.56,"b2bPrice":98.71},"articleSold":false,"deposit":0.0,"depositData":{"b2cPrice":0.0,"b2bPrice":0.0},"vat":{"code":"vat-full-2","value":12.0,"type":"Percentage"},"animalFoodData":{},"onlinePromotions":[{"id":"016001_36103","price":18.0,"priceData":{"b2cPrice":18.0,"b2bPrice":16.07},"startDate":"2025-08-31T22:00:00Z","endDate":"2025-09-07T22:00:00Z","message":"KIWI EKO 2 FÖR 18 KR-2 för 18:-","type":"MULTI_BUY_FIXED_PRICE","numberOfProductRequired":2,"medMeraRequired":false,"priority":910,"comparativePrice":{"b2cPrice":100.0,"b2bPrice":89.29},"higherThanHistoricalPrice":false}],"fromSweden":false,"availableOnline":true,"isMagazine":false,"nutrientBasis":{},"originCountry":{"code":"NEW ZEALAND","value":"Nya Zeeland"},"replacementCountries":[],"class":"Klass 1","pharmaceuticalData":{"isPharmaceutical":false},"sustainabilityInfoApplicable":true},{"id":"7300156598226","type":"Product","ean":"7300156598226","name":"Lök Mix","manufacturerName":"COOP","imageUrl":"http://res.cloudinary.com/coopsverige/image/upload/v1718101894/cloud/363891.jpg","navCategories":[{"code":"334459","name":"Lök","superCategories":[{"code":"32361","name":"Grönsaker","superCategories":[{"code":"16534","name":"Frukt & Grönsaker","superCategories":[]}]}]}],"packageSize":1005.0,"packageSizeInformation":"1005 g","packageSizeUnit":"Gram","salesPrice":20.0,"salesPriceData":{"b2cPrice":20.0,"b2bPrice":17.86},"piecePrice":20.0,"piecePriceData":{"b2cPrice":20.0,"b2bPrice":17.86},"salesUnit":"Styck","comparativePriceText":"kr/kg","comparativePriceUnit":{"unit":"kg","text":"kr/kg"},"comparativePrice":20.0,"comparativePriceData":{"b2cPrice":20.0,"b2bPrice":17.86},"articleSold":false,"deposit":0.0,"depositData":{"b2cPrice":0.0,"b2bPrice":0.0},"vat":{"code":"vat-full-2","value":12.0,"type":"Percentage"},"animalFoodData":{},"fromSweden":false,"availableOnline":true,"isMagazine":false,"nutrientBasis":{},"originCountry":{"code":"SWEDEN","value":"Sverige"},"replacementCountries":[],"class":"Klass 1","pharmaceuticalData":{"isPharmaceutical":false},"sustainabilityInfoApplicable":true},{"id":"7300156476319","type":"Product","ean":"7300156476319","name":"Morötter","manufacturerName":"COOP","imageUrl":"http://res.cloudinary.com/coopsverige/image/upload/v1727183794/cloud/388677.jpg","navCategories":[{"code":"32470","name":"Morötter","superCategories":[{"code":"32361","name":"Grönsaker","superCategories":[{"code":"16534","name":"Frukt & Grönsaker","superCategories":[]}]}]}],"packageSize":1000.0,"packageSizeInformation":"1000 g","packageSizeUnit":"Gram","salesPrice":16.95,"salesPriceData":{"b2cPrice":16.95,"b2bPrice":15.13},"piecePrice":16.95,"piecePriceData":{"b2cPrice":16.95,"b2bPrice":15.13},"salesUnit":"Styck","comparativePriceText":"kr/kg","comparativePriceUnit":{"unit":"kg","text":"kr/kg"},"comparativePrice":16.95,"comparativePriceData":{"b2cPrice":16.95,"b2bPrice":15.13},"articleSold":false,"deposit":0.0,"depositData":{"b2cPrice":0.0,"b2bPrice":0.0},"vat":{"code":"vat-full-2","value":12.0,"type":"Percentage"},"animalFoodData":{},"fromSweden":false,"availableOnline":true,"isMagazine":false,"nutrientBasis":{},"originCountry":{"code":"SWEDEN","value":"Sverige"},"replacementCountries":[],"pharmaceuticalData":{"isPharmaceutical":false},"sustainabilityInfoApplicable":true}]}}
---
{"results":{"count":200,"facets":[{"name":"brand","items":[{"item":"COOP","count":46,"selected":false},{"item":"Änglamark","count":32,"selected":false},{"item":"Dole","count":3,"selected":false},{"item":"Andreas Uppgård","count":2,"selected":false},{"item":"Steglinge","count":1,"selected":false},{"item":"SydGrönt","count":1,"selected":false},{"item":"Xtra","count":1,"selected":false}]},{"name":"environmentalLabels","items":[{"item":"Ekologiskt","count":39,"selected":false},{"item":"KRAV","count":33,"selected":false},{"item":"Nyckelhålet","count":17,"selected":false},{"item":"Svenskt ursprung","count":4,"selected":false},{"item":"Lokalt","count":2,"selected":false}]}],"items":[{"id":"2317312000009","type":"Product","ean":"2317312000009","name":"Paprika Grön","description":"Produkten varierar något i storlek och vikt. När du handlar hos oss visar vi en uppskattad vikt för varan och ett pris baserat på kilopriset. Ni debiteras efter vi plockat ihop era varor den verkliga vikten.<br> Vi garanterar att du alltid betalar för varans verkliga vikt.","imageUrl":"http://res.cloudinary.com/coopsverige/image/upload/v1708418321/cloud/328898.jpg","navCategories":[{"code":"198002","name":"Paprika","superCategories":[{"code":"32361","name":"Grönsaker","superCategories":[{"code":"16534","name":"Frukt & Grönsaker","superCategories":[]}]}]}],"packageSize":210.0,"packageSizeInformation":"210 gram ungefärlig vikt","packageSizeUnit":"gram ungefärlig vikt","pieceWeight":0.21,"salesPrice":54.95,"salesPriceData":{"b2cPrice":54.95,"b2bPrice":49.06},"piecePrice":11.54,"piecePriceData":{"b2cPrice":11.54,"b2bPrice":10.3},"salesUnit":"Vikt","comparativePriceText":"kr/kg","comparativePriceUnit":{"unit":"kg","text":"kr/kg"},"comparativePrice":54.95,"comparativePriceData":{"b2cPrice":54.95,"b2bPrice":49.06},"articleSold":false,"deposit":0.0,"depositData":{"b2cPrice":0.0,"b2bPrice":0.0},"vat":{"code":"vat-full-2","value":12.0,"type":"Percentage"},"animalFoodData":{},"fromSweden":false,"availableOnline":true,"isMagazine":false,"nutrientBasis":{},"originCountry":{"code":"THE NETHERLANDS","value":"Nederländerna"},"replacementCountries":[],"class":"Klass 1","pharmaceuticalData":{"isPharmaceutical":false},"sustainabilityInfo":[{"productScore":[{"score":2.0,"param":"Biologisk mångfald","paramId":"biodiversity"},{"score":1.5,"param":"Klimat","paramId":"climate"},{"score":1.5,"param":"Bördighet","paramId":"soil_fertility"},{"score":2.0,"param":"Vatten","paramId":"water"},{"score":2.0,"param":"Bekämpningsmedel","paramId":"pesticides"},{"score":2.0,"param":"Övergödning","paramId":"eutrophication"},{"score":null,"param":"Djuromsorg och antibiotika","paramId":"animal_welfare_antibiotics"},{"score":2.0,"param":"Arbetsförhållanden","paramId":"working_conditions"},{"score":1.5,"param":"Lokalbefolkning","paramId":"local_population"},{"score":1.0,"param":"Lagefterlevnad och spårbarhet","paramId":"compliance_traceability"}]}],"sustainabilityInfoApplicable":true},{"id":"2317409100001","type":"Product","ean":"2317409100001","name":"Sötpotatis","description":"Produkten varierar något i storlek och vikt. När du handlar hos oss visar vi en uppskattad vikt för varan och ett pris baserat på kilopriset. Ni debiteras efter vi plockat ihop era varor den verkliga vikten.<br> Vi garanterar att du alltid betalar för varans verkliga vikt.","imageUrl":"http://res.cloudinary.com/coopsverige/image/upload/v1440062802/49635.tiff","navCategories":[{"code":"32466","name":"Potatis","superCategories":[{"code":"32361","name":"Grönsaker","superCategories":[{"code":"16534","name":"Frukt & Grönsaker","superCategories":[]}]}]}],"packageSize":350.0,"packageSizeInformation":"350 gram ungefärlig vikt","packageSizeUnit":"gram ungefärlig vikt","pieceWeight":0.35,"salesPrice":34.95,"salesPriceData":{"b2cPrice":34.95,"b2bPrice":31.21},"piecePrice":12.23,"piecePriceData":{"b2cPrice":12.23,"b2bPrice":10.92},"salesUnit":"Vikt","comparativePriceText":"kr/kg","comparativePriceUnit":{"unit":"kg","text":"kr/kg"},"comparativePrice":34.95,"comparativePriceData":{"b2cPrice":34.95,"b2bPrice":31.21},"articleSold":false,"deposit":0.0,"depositData":{"b2cPrice":0.0,"b2bPrice":0.0},"vat":{"code":"vat-full-2","value":12.0,"type":"Percentage"},"animalFoodData":{},"fromSweden":false,"availableOnline":true,"isMagazine":false,"nutrientBasis":{},"originCountry":{"code":"EGYPT","value":"Egypten"},"replacementCountries":[],"pharmaceuticalData":{"isPharmaceutical":false},"sustainabilityInfo":[{"productScore":[{"score":2.0,"param":"Biologisk mångfald","paramId":"biodiversity"},{"score":1.0,"param":"Klimat","paramId":"climate"},{"score":2.0,"param":"Bördighet","paramId":"soil_fertility"},{"score":2.0,"param":"Vatten","paramId":"water"},{"score":2.0,"param":"Bekämpningsmedel","paramId":"pesticides"},{"score":2.0,"param":"Övergödning","paramId":"eutrophication"},{"score":null,"param":"Djuromsorg och antibiotika","paramId":"animal_welfare_antibiotics"},{"score":3.0,"param":"Arbetsförhållanden","paramId":"working_conditions"},{"score":3.5,"param":"Lokalbefolkning","paramId":"local_population"},{"score":3.5,"param":"Lagefterlevnad och spårbarhet","paramId":"compliance_traceability"}]}],"sustainabilityInfoApplicable":true},{"id":"2317462200007","type":"Product","ean":"2317462200007","name":"Västeråsgurka","description":"Produkten varierar något i storlek och vikt. När du handlar hos oss visar vi en uppskattad vikt för varan och ett pris baserat på kilopriset. Ni debiteras efter vi plockat ihop era varor den verkliga vikten.<br> Vi garanterar att du alltid betalar för varans verkliga vikt.","imageUrl":"http://res.cloudinary.com/coopsverige/image/upload/v1565257348/377320.tiff","navCategories":[{"code":"334456","name":"Gurka","superCategories":[{"code":"32361","name":"Grönsaker","superCategories":[{"code":"16534","name":"Frukt & Grönsaker","superCategories":[]}]}]}],"packageSize":150.0,"packageSizeInformation":"150 gram ungefärlig vikt","packageSizeUnit":"gram ungefärlig vikt","pieceWeight":0.15,"salesPrice":39.95,"salesPriceData":{"b2cPrice":39.95,"b2bPrice":35.67},"piecePrice":5.99,"piecePriceData":{"b2cPrice":5.99,"b2bPrice":5.35},"salesUnit":"Vikt","comparativePriceText":"kr/kg","comparativePriceUnit":{"unit":"kg","text":"kr/kg"},"comparativePrice":39.95,"comparativePriceData":{"b2cPrice":39.95,"b2bPrice":35.67},"articleSold":false,"deposit":0.0,"depositData":{"b2cPrice":0.0,"b2bPrice":0.0},"vat":{"code":"vat-full-2","value":12.0,"type":"Percentage"},"animalFoodData":{},"fromSweden":false,"availableOnline":true,"isMagazine":false,"nutrientBasis":{},"originCountry":{"code":"SWEDEN","value":"Sverige"},"replacementCountries":[],"class":"Klass 1","pharmaceuticalData":{"isPharmaceutical":false},"sustainabilityInfo":[{"productScore":[{"score":2.0,"param":"Biologisk mångfald","paramId":"biodiversity"},{"score":1.0,"param":"Klimat","paramId":"climate"},{"score":3.0,"param":"Bördighet","paramId":"soil_fertility"},{"score":1.0,"param":"Vatten","paramId":"water"},{"score":2.0,"param":"Bekämpningsmedel","paramId":"pesticides"},{"score":2.0,"param":"Övergödning","paramId":"eutrophication"},{"score":null,"param":"Djuromsorg och antibiotika","paramId":"animal_welfare_antibiotics"},{"score":1.0,"param":"Arbetsförhållanden","paramId":"working_conditions"},{"score":1.0,"param":"Lokalbefolkning","paramId":"local_population"},{"score":1.0,"param":"Lagefterlevnad och spårbarhet","paramId":"compliance_traceability"}]}],"sustainabilityInfoApplicable":true},{"id":"7300156598967","type":"Product","ean":"7300156598967","name":"Snacktomater","manufacturerName":"COOP","imageUrl":"http://res.cloudinary.com/coopsverige/image/upload/v1727181886/cloud/388638.jpg","navCategories":[{"code":"32408","name":"Tomat","superCategories":[{"code":"32361","name":"Grönsaker","superCategories":[{"code":"16534","name":"Frukt & Grönsaker","superCategories":[]}]}]}],"packageSize":400.0,"packageSizeInformation":"400 g","packageSizeUnit":"Gram","salesPrice":37.95,"salesPriceData":{"b2cPrice":37.95,"b2bPrice":33.88},"piecePrice":37.95,"piecePriceData":{"b2cPrice":37.95,"b2bPrice":33.88},"salesUnit":"Styck","comparativePriceText":"kr/kg","comparativePriceUnit":{"unit":"kg","text":"kr/kg"},"comparativePrice":94.88,"comparativePriceData":{"b2cPrice":94.88,"b2bPrice":84.71},"articleSold":false,"deposit":0.0,"depositData":{"b2cPrice":0.0,"b2bPrice":0.0},"vat":{"code":"vat-full-2","value":12.0,"type":"Percentage"},"animalFoodData":{},"fromSweden":false,"availableOnline":true,"isMagazine":false,"nutrientBasis":{},"originCountry":{"code":"MOROCCO","value":"Marocko"},"replacementCountries":[{"code":"THE NETHERLANDS","value":"Nederländerna"},{"code":"SPAIN","value":"Spanien"}],"class":"Klass 1","pharmaceuticalData":{"isPharmaceutical":false},"sustainabilityInfoApplicable":true},{"id":"7300156573353","type":"Product","ean":"7300156573353","name":"Lime 3-pack Eko","manufacturerName":"Änglamark","imageUrl":"http://res.cloudinary.com/coopsverige/image/upload/v1618989047/427612.tiff","navCategories":[{"code":"32492","name":"Citrusfrukt","superCategories":[{"code":"32484","name":"Frukt & bär","superCategories":[{"code":"16534","name":"Frukt & Grönsaker","superCategories":[]}]}]}],"accreditedTags":[{"code":"EU_ORGANIC_FARMING","description":"EU Lövet","imageUrl":"https://res.cloudinary.com/coopsverige/image/upload/cooponline/produktmarkning/EUOrganicFarmingLogo.jpg","priority":180},{"code":"KRAV_MARK","description":"KRAV","imageUrl":"https://res.cloudinary.com/coopsverige/image/upload/v1750847718/cooponline/Icons/2025/krav-logo_z2ptpn.png","priority":100}],"packageSize":200.0,"packageSizeInformation":"200 g","packageSizeUnit":"Gram","salesPrice":17.0,"salesPriceData":{"b2cPrice":17.0,"b2bPrice":15.18},"piecePrice":17.0,"piecePriceData":{"b2cPrice":17.0,"b2bPrice":15.18},"salesUnit":"Styck","comparativePriceText":"kr/kg","comparativePriceUnit":{"unit":"kg","text":"kr/kg"},"comparativePrice":94.44,"comparativePriceData":{"b2cPrice":94.44,"b2bPrice":84.32},"articleSold":false,"deposit":0.0,"depositData":{"b2cPrice":0.0,"b2bPrice":0.0},"vat":{"code":"vat-full-2","value":12.0,"type":"Percentage"},"animalFoodData":{},"fromSweden":false,"availableOnline":true,"isMagazine":false,"nutrientBasis":{},"originCountry":{"code":"COLOMBIA","value":"Colombia"},"replacementCountries":[],"class":"Klass 1","pharmaceuticalData":{"isPharmaceutical":false},"sustainabilityInfo":[{"productScore":[{"score":1.0,"param":"Biologisk mångfald","paramId":"biodiversity"},{"score":1.0,"param":"Klimat","paramId":"climate"},{"score":1.0,"param":"Bördighet","paramId":"soil_fertility"},{"score":2.0,"param":"Vatten","paramId":"water"},{"score":1.0,"param":"Bekämpningsmedel","paramId":"pesticides"},{"score":1.0,"param":"Övergödning","paramId":"eutrophication"},{"score":null,"param":"Djuromsorg och antibiotika","paramId":"animal_welfare_antibiotics"},{"score":2.5,"param":"Arbetsförhållanden","paramId":"working_conditions"},{"score":4.0,"param":"Lokalbefolkning","paramId":"local_population"},{"score":1.0,"param":"Lagefterlevnad och spårbarhet","paramId":"compliance_traceability"}]}],"sustainabilityInfoApplicable":true},{"id":"7340007911477","type":"Product","ean":"7340007911477","name":"Paprika Minimix","imageUrl":"http://res.cloudinary.com/coopsverige/image/upload/v1726576882/cloud/386381.jpg","navCategories":[{"code":"198002","name":"Paprika","superCategories":[{"code":"32361","name":"Grönsaker","superCategories":[{"code":"16534","name":"Frukt & Grönsaker","superCategories":[]}]}]}],"packageSize":200.0,"packageSizeInformation":"200 g","packageSizeUnit":"Gram","salesPrice":24.95,"salesPriceData":{"b2cPrice":24.95,"b2bPrice":22.28},"piecePrice":24.95,"piecePriceData":{"b2cPrice":24.95,"b2bPrice":22.28},"salesUnit":"Styck","comparativePriceText":"kr/kg","comparativePriceUnit":{"unit":"kg","text":"kr/kg"},"comparativePrice":124.75,"comparativePriceData":{"b2cPrice":124.75,"b2bPrice":111.38},"articleSold":false,"deposit":0.0,"depositData":{"b2cPrice":0.0,"b2bPrice":0.0},"vat":{"code":"vat-full-2","value":12.0,"type":"Percentage"},"animalFoodData":{},"fromSweden":false,"availableOnline":true,"countryOfOriginCodes":[{"code":"724","value":"Spanien"}],"isMagazine":false,"nutrientBasis":{},"originCountry":{"code":"THE NETHERLANDS","value":"Nederländerna"},"replacementCountries":[],"class":"Klass 1","pharmaceuticalData":{"isPharmaceutical":false},"sustainabilityInfo":[{"productScore":[{"score":2.0,"param":"Biologisk mångfald","paramId":"biodiversity"},{"score":1.5,"param":"Klimat","paramId":"climate"},{"score":1.5,"param":"Bördighet","paramId":"soil_fertility"},{"score":2.0,"param":"Vatten","paramId":"water"},{"score":2.0,"param":"Bekämpningsmedel","paramId":"pesticides"},{"score":2.0,"param":"Övergödning","paramId":"eutrophication"},{"score":null,"param":"Djuromsorg och antibiotika","paramId":"animal_welfare_antibiotics"},{"score":2.0,"param":"Arbetsförhållanden","paramId":"working_conditions"},{"score":2.5,"param":"Lokalbefolkning","paramId":"local_population"},{"score":2.5,"param":"Lagefterlevnad och spårbarhet","paramId":"compliance_traceability"}]}],"sustainabilityInfoApplicable":true},{"id":"2317432600004","type":"Product","ean":"2317432600004","name":"Melon","description":"Produkten varierar något i storlek och vikt. När du handlar hos oss visar vi en uppskattad vikt för varan och ett pris baserat på kilopriset. Ni debiteras efter vi plockat ihop era varor den verkliga vikten.<br> Vi garanterar att du alltid betalar för varans verkliga vikt.","imageUrl":"http://res.cloudinary.com/coopsverige/image/upload/v1649771967/cloud/24687.tiff","navCategories":[{"code":"32496","name":"Melon","superCategories":[{"code":"32484","name":"Frukt & bär","superCategories":[{"code":"16534","name":"Frukt & Grönsaker","superCategories":[]}]}]}],"packageSize":1000.0,"packageSizeInformation":"1000 gram ungefärlig vikt","packageSizeUnit":"gram ungefärlig vikt","pieceWeight":1.0,"salesPrice":36.95,"salesPriceData":{"b2cPrice":36.95,"b2bPrice":32.99},"piecePrice":36.95,"piecePriceData":{"b2cPrice":36.95,"b2bPrice":32.99},"salesUnit":"Vikt","comparativePriceText":"kr/kg","comparativePriceUnit":{"unit":"kg","text":"kr/kg"},"comparativePrice":36.95,"comparativePriceData":{"b2cPrice":36.95,"b2bPrice":32.99},"articleSold":false,"deposit":0.0,"depositData":{"b2cPrice":0.0,"b2bPrice":0.0},"vat":{"code":"vat-full-2","value":12.0,"type":"Percentage"},"animalFoodData":{},"fromSweden":false,"availableOnline":true,"isMagazine":false,"nutrientBasis":{},"originCountry":{"code":"SPAIN","value":"Spanien"},"replacementCountries":[],"variety":"Galia","class":"Klass 1","pharmaceuticalData":{"isPharmaceutical":false},"sustainabilityInfoApplicable":true},{"id":"7300156475077","type":"Product","ean":"7300156475077","name":"Druvor Röda","manufacturerName":"COOP","imageUrl":"http://res.cloudinary.com/coopsverige/image/upload/v1725957893/cloud/384496.jpg","navCategories":[{"code":"32494","name":"Druvor","superCategories":[{"code":"32484","name":"Frukt & bär","superCategories":[{"code":"16534","name":"Frukt & Grönsaker","superCategories":[]}]}]}],"packageSize":500.0,"packageSizeInformation":"500 g","packageSizeUnit":"Gram","salesPrice":34.95,"salesPriceData":{"b2cPrice":34.95,"b2bPrice":31.21},"piecePrice":34.95,"piecePriceData":{"b2cPrice":34.95,"b2bPrice":31.21},"salesUnit":"Styck","comparativePriceText":"kr/kg","comparativePriceUnit":{"unit":"kg","text":"kr/kg"},"comparativePrice":69.9,"comparativePriceData":{"b2cPrice":69.9,"b2bPrice":62.41},"articleSold":false,"deposit":0.0,"depositData":{"b2cPrice":0.0,"b2bPrice":0.0},"vat":{"code":"vat-full-2","value":12.0,"type":"Percentage"},"animalFoodData":{},"fromSweden":false,"availableOnline":true,"isMagazine":false,"nutrientBasis":{},"originCountry":{"code":"ITALY","value":"Italien"},"replacementCountries":[{"code":"EGYPT","value":"Egypten"},{"code":"SOUTH AFRICA","value":"Sydafrika"},{"code":"CHILE","value":"Chile"}],"variety":"Fiametta, Arra 14, Crimson, Al","class":"Klass 1","pharmaceuticalData":{"isPharmaceutical":false},"sustainabilityInfo":[{"productScore":[{"score":2.0,"param":"Biologisk mångfald","paramId":"biodiversity"},{"score":2.0,"param":"Klimat","paramId":"climate"},{"score":2.0,"param":"Bördighet","paramId":"soil_fertility"},{"score":2.0,"param":"Vatten","paramId":"water"},{"score":2.0,"param":"Bekämpningsmedel","paramId":"pesticides"},{"score":2.0,"param":"Övergödning","paramId":"eutrophication"},{"score":null,"param":"Djuromsorg och antibiotika","paramId":"animal_welfare_antibiotics"},{"score":3.0,"param":"Arbetsförhållanden","paramId":"working_conditions"},{"score":4.0,"param":"Lokalbefolkning","paramId":"local_population"},{"score":3.0,"param":"Lagefterlevnad och spårbarhet","paramId":"compliance_traceability"}]}],"sustainabilityInfoApplicable":true},{"id":"7300170032799","type":"Product","ean":"7300170032799","name":"Kiwi Gul/Gold","imageUrl":"http://res.cloudinary.com/coopsverige/image/upload/v1440064095/49846.tiff","navCategories":[{"code":"334464","name":"Kiwi","superCategories":[{"code":"32484","name":"Frukt & bär","superCategories":[{"code":"16534","name":"Frukt & Grönsaker","superCategories":[]}]}]}],"packageSize":60.0,"packageSizeInformation":"60 gram ungefärlig vikt","packageSizeUnit":"gram ungefärlig vikt","pieceWeight":0.06,"salesPrice":12.95,"salesPriceData":{"b2cPrice":12.95,"b2bPrice":11.56},"piecePrice":12.95,"piecePriceData":{"b2cPrice":12.95,"b2bPrice":11.56},"salesUnit":"Styck","comparativePriceText":"kr/kg","comparativePriceUnit":{"unit":"kg","text":"kr/kg"},"comparativePrice":215.83,"comparativePriceData":{"b2cPrice":215.83,"b2bPrice":192.71},"articleSold":false,"deposit":0.0,"depositData":{"b2cPrice":0.0,"b2bPrice":0.0},"vat":{"code":"vat-full-2","value":12.0,"type":"Percentage"},"animalFoodData":{},"onlinePromotions":[{"id":"016001_36102","price":25.0,"priceData":{"b2cPrice":25.0,"b2bPrice":22.32},"startDate":"2025-08-31T22:00:00Z","endDate":"2025-09-07T22:00:00Z","message":"KIWI GUL 2 FÖR 25 KR-2 för 25:-","type":"MULTI_BUY_FIXED_PRICE","numberOfProductRequired":2,"medMeraRequired":false,"priority":910,"comparativePrice":{"b2cPrice":208.33,"b2bPrice":186.01},"higherThanHistoricalPrice":false}],"fromSweden":false,"availableOnline":true,"isMagazine":false,"nutrientBasis":{},"originCountry":{"code":"NEW ZEALAND","value":"Nya Zeeland"},"replacementCountries":[],"class":"Klass 1","pharmaceuticalData":{"isPharmaceutical":false},"sustainabilityInfoApplicable":true},{"id":"7340007906732","type":"Product","ean":"7340007906732","name":"Paprikamix 2-pack Eko","description":"Produkten varierar, paprikamixen kan komma att innehålla röd, gul, grön eller orange paprika.","imageUrl":"http://res.cloudinary.com/coopsverige/image/upload/v1552910289/368124.jpg","navCategories":[{"code":"198002","name":"Paprika","superCategories":[{"code":"32361","name":"Grönsaker","superCategories":[{"code":"16534","name":"Frukt & Grönsaker","superCategories":[]}]}]}],"packageSize":300.0,"packageSizeInformation":"300 gram ungefärlig vikt","packageSizeUnit":"gram ungefärlig vikt","pieceWeight":0.3,"salesPrice":39.95,"salesPriceData":{"b2cPrice":39.95,"b2bPrice":35.67},"piecePrice":39.95,"piecePriceData":{"b2cPrice":39.95,"b2bPrice":35.67},"salesUnit":"Styck","comparativePriceText":"kr/kg","comparativePriceUnit":{"unit":"kg","text":"kr/kg"},"comparativePrice":133.17,"comparativePriceData":{"b2cPrice":133.17,"b2bPrice":118.9},"articleSold":false,"deposit":0.0,"depositData":{"b2cPrice":0.0,"b2bPrice":0.0},"vat":{"code":"vat-full-2","value":12.0,"type":"Percentage"},"animalFoodData":{},"fromSweden":false,"availableOnline":true,"isMagazine":false,"nutrientBasis":{},"originCountry":{"code":"SPAIN","value":"Spanien"},"replacementCountries":[],"class":"Klass 1","pharmaceuticalData":{"isPharmaceutical":false},"sustainabilityInfoApplicable":true},{"id":"2317310100008","type":"Product","ean":"2317310100008","name":"Melon","description":"Produkten varierar något i storlek och vikt. När du handlar hos oss visar vi en uppskattad vikt för varan och ett pris baserat på kilopriset. Ni debiteras efter vi plockat ihop era varor den verkliga vikten.<br> Vi garanterar att du alltid betalar för varans verkliga vikt.","imageUrl":"http://res.cloudinary.com/coopsverige/image/upload/v1649405965/cloud/24622.tiff","navCategories":[{"code":"32496","name":"Melon","superCategories":[{"code":"32484","name":"Frukt & bär","superCategories":[{"code":"16534","name":"Frukt & Grönsaker","superCategories":[]}]}]}],"packageSize":1800.0,"packageSizeInformation":"1800 gram ungefärlig vikt","packageSizeUnit":"gram ungefärlig vikt","pieceWeight":1.8,"salesPrice":35.95,"salesPriceData":{"b2cPrice":35.95,"b2bPrice":32.1},"piecePrice":64.71,"piecePriceData":{"b2cPrice":64.71,"b2bPrice":57.78},"salesUnit":"Vikt","comparativePriceText":"kr/kg","comparativePriceUnit":{"unit":"kg","text":"kr/kg"},"comparativePrice":35.95,"comparativePriceData":{"b2cPrice":35.95,"b2bPrice":32.1},"articleSold":false,"deposit":0.0,"depositData":{"b2cPrice":0.0,"b2bPrice":0.0},"vat":{"code":"vat-full-2","value":12.0,"type":"Percentage"},"animalFoodData":{},"fromSweden":false,"availableOnline":true,"isMagazine":false,"nutrientBasis":{},"originCountry":{"code":"SPAIN","value":"Spanien"},"replacementCountries":[],"variety":"Piel De Sapo","class":"Klass 1","pharmaceuticalData":{"isPharmaceutical":false},"sustainabilityInfo":[{"productScore":[{"score":2.0,"param":"Biologisk mångfald","paramId":"biodiversity"},{"score":2.0,"param":"Klimat","paramId":"climate"},{"score":2.0,"param":"Bördighet","paramId":"soil_fertility"},{"score":2.0,"param":"Vatten","paramId":"water"},{"score":2.0,"param":"Bekämpningsmedel","paramId":"pesticides"},{"score":2.0,"param":"Övergödning","paramId":"eutrophication"},{"score":null,"param":"Djuromsorg och antibiotika","paramId":"animal_welfare_antibiotics"},{"score":2.5,"param":"Arbetsförhållanden","paramId":"working_conditions"},{"score":3.5,"param":"Lokalbefolkning","paramId":"local_population"},{"score":3.5,"param":"Lagefterlevnad och spårbarhet","paramId":"compliance_traceability"}]}],"sustainabilityInfoApplicable":true},{"id":"7300156598929","type":"Product","ean":"7300156598929","name":"Tomat Fantastica","manufacturerName":"COOP","imageUrl":"http://res.cloudinary.com/coopsverige/image/upload/v1736333735/cloud/421741.jpg","navCategories":[{"code":"32408","name":"Tomat","superCategories":[{"code":"32361","name":"Grönsaker","superCategories":[{"code":"16534","name":"Frukt & Grönsaker","superCategories":[]}]}]}],"packageSize":420.0,"packageSizeInformation":"420 g","packageSizeUnit":"Gram","salesPrice":44.95,"salesPriceData":{"b2cPrice":44.95,"b2bPrice":40.13},"piecePrice":44.95,"piecePriceData":{"b2cPrice":44.95,"b2bPrice":40.13},"salesUnit":"Styck","comparativePriceText":"kr/kg","comparativePriceUnit":{"unit":"kg","text":"kr/kg"},"comparativePrice":112.38,"comparativePriceData":{"b2cPrice":112.38,"b2bPrice":100.34},"articleSold":false,"deposit":0.0,"depositData":{"b2cPrice":0.0,"b2bPrice":0.0},"vat":{"code":"vat-full-2","value":12.0,"type":"Percentage"},"animalFoodData":{},"fromSweden":false,"availableOnline":true,"isMagazine":false,"nutrientBasis":{},"originCountry":{"code":"THE NETHERLANDS","value":"Nederländerna"},"replacementCountries":[],"class":"Klass 1","pharmaceuticalData":{"isPharmaceutical":false},"sustainabilityInfoApplicable":true},{"id":"7350008378018","type":"Product","ean":"7350008378018","name":"Roman Sallad","imageUrl":"http://res.cloudinary.com/coopsverige/image/upload/v1440067440/50008.tiff","navCategories":[{"code":"32456","name":"Sallad & Groddar","superCategories":[{"code":"32361","name":"Grönsaker","superCategories":[{"code":"16534","name":"Frukt & Grönsaker","superCategories":[]}]}]}],"packageSize":250.0,"packageSizeInformation":"250 gram ungefärlig vikt","packageSizeUnit":"gram ungefärlig vikt","pieceWeight":0.25,"salesPrice":15.95,"salesPriceData":{"b2cPrice":15.95,"b2bPrice":14.24},"piecePrice":15.95,"piecePriceData":{"b2cPrice":15.95,"b2bPrice":14.24},"salesUnit":"Styck","comparativePriceText":"","comparativePrice":19.95,"comparativePriceData":{"b2cPrice":19.95,"b2bPrice":17.81},"articleSold":false,"deposit":0.0,"depositData":{"b2cPrice":0.0,"b2bPrice":0.0},"vat":{"code":"vat-full-2","value":12.0,"type":"Percentage"},"animalFoodData":{},"fromSweden":false,"availableOnline":true,"isMagazine":false,"nutrientBasis":{},"originCountry":{"code":"SWEDEN","value":"Sverige"},"replacementCountries":[],"class":"Klass 1","pharmaceuticalData":{"isPharmaceutical":false},"sustainabilityInfo":[{"productScore":[{"score":2.0,"param":"Biologisk mångfald","paramId":"biodiversity"},{"score":1.0,"param":"Klimat","paramId":"climate"},{"score":3.0,"param":"Bördighet","paramId":"soil_fertility"},{"score":1.0,"param":"Vatten","paramId":"water"},{"score":2.0,"param":"Bekämpningsmedel","paramId":"pesticides"},{"score":2.0,"param":"Övergödning","paramId":"eutrophication"},{"score":null,"param":"Djuromsorg och antibiotika","paramId":"animal_welfare_antibiotics"},{"score":1.0,"param":"Arbetsförhållanden","paramId":"working_conditions"},{"score":1.0,"param":"Lokalbefolkning","paramId":"local_population"},{"score":1.0,"param":"Lagefterlevnad och spårbarhet","paramId":"compliance_traceability"}]}],"sustainabilityInfoApplicable":true},{"id":"8713037005079","type":"Product","ean":"8713037005079","name":"Sötpotatis Eko","imageUrl":"http://res.cloudinary.com/coopsverige/image/upload/v1628675581/cloud/182864.tiff","navCategories":[{"code":"32466","name":"Potatis","superCategories":[{"code":"32361","name":"Grönsaker","superCategories":[{"code":"16534","name":"Frukt & Grönsaker","superCategories":[]}]}]}],"packageSize":500.0,"packageSizeInformation":"500 gram ungefärlig vikt","packageSizeUnit":"gram ungefärlig vikt","pieceWeight":0.5,"salesPrice":38.95,"salesPriceData":{"b2cPrice":38.95,"b2bPrice":34.78},"piecePrice":38.95,"piecePriceData":{"b2cPrice":38.95,"b2bPrice":34.78},"salesUnit":"Styck","comparativePriceText":"kr/kg","comparativePriceUnit":{"unit":"kg","text":"kr/kg"},"comparativePrice":77.9,"comparativePriceData":{"b2cPrice":77.9,"b2bPrice":69.55},"articleSold":false,"deposit":0.0,"depositData":{"b2cPrice":0.0,"b2bPrice":0.0},"vat":{"code":"vat-full-2","value":12.0,"type":"Percentage"},"animalFoodData":{},"fromSweden":false,"availableOnline":true,"isMagazine":false,"nutrientBasis":{},"originCountry":{"code":"SPAIN","value":"Spanien"},"replacementCountries":[],"pharmaceuticalData":{"isPharmaceutical":false},"sustainabilityInfo":[{"productScore":[{"score":1.0,"param":"Biologisk mångfald","paramId":"biodiversity"},{"score":1.0,"param":"Klimat","paramId":"climate"},{"score":1.0,"param":"Bördighet","paramId":"soil_fertility"},{"score":2.0,"param":"Vatten","paramId":"water"},{"score":1.0,"param":"Bekämpningsmedel","paramId":"pesticides"},{"score":1.0,"param":"Övergödning","paramId":"eutrophication"},{"score":null,"param":"Djuromsorg och antibiotika","paramId":"animal_welfare_antibiotics"},{"score":2.5,"param":"Arbetsförhållanden","paramId":"working_conditions"},{"score":3.0,"param":"Lokalbefolkning","paramId":"local_population"},{"score":1.0,"param":"Lagefterlevnad och spårbarhet","paramId":"compliance_traceability"}]}],"sustainabilityInfoApplicable":true},{"id":"2317472900003","type":"Product","ean":"2317472900003","name":"Bakpotatis","imageUrl":"http://res.cloudinary.com/coopsverige/image/upload/v1440063245/49698.tiff","navCategories":[{"code":"32466","name":"Potatis","superCategories":[{"code":"32361","name":"Grönsaker","superCategories":[{"code":"16534","name":"Frukt & Grönsaker","superCategories":[]}]}]}],"packageSize":375.0,"packageSizeInformation":"375 gram ungefärlig vikt","packageSizeUnit":"gram ungefärlig vikt","pieceWeight":0.375,"salesPrice":29.95,"salesPriceData":{"b2cPrice":29.95,"b2bPrice":26.74},"piecePrice":11.23,"piecePriceData":{"b2cPrice":11.23,"b2bPrice":10.03},"salesUnit":"Vikt","comparativePriceText":"kr/kg","comparativePriceUnit":{"unit":"kg","text":"kr/kg"},"comparativePrice":29.95,"comparativePriceData":{"b2cPrice":29.95,"b2bPrice":26.74},"articleSold":false,"deposit":0.0,"depositData":{"b2cPrice":0.0,"b2bPrice":0.0},"vat":{"code":"vat-full-2","value":12.0,"type":"Percentage"},"animalFoodData":{},"fromSweden":false,"availableOnline":true,"isMagazine":false,"nutrientBasis":{},"originCountry":{"code":"SPAIN","value":"Spanien"},"replacementCountries":[],"class":"Klass 1","pharmaceuticalData":{"isPharmaceutical":false},"sustainabilityInfo":[{"productScore":[{"score":2.0,"param":"Biologisk mångfald","paramId":"biodiversity"},{"score":1.0,"param":"Klimat","paramId":"climate"},{"score":1.5,"param":"Bördighet","paramId":"soil_fertility"},{"score":1.5,"param":"Vatten","paramId":"water"},{"score":2.0,"param":"Bekämpningsmedel","paramId":"pesticides"},{"score":2.0,"param":"Övergödning","paramId":"eutrophication"},{"score":null,"param":"Djuromsorg och antibiotika","paramId":"animal_welfare_antibiotics"},{"score":2.0,"param":"Arbetsförhållanden","paramId":"working_conditions"},{"score":1.5,"param":"Lokalbefolkning","paramId":"local_population"},{"score":1.0,"param":"Lagefterlevnad och spårbarhet","paramId":"compliance_traceability"}]}],"sustainabilityInfoApplicable":true},{"id":"7340007900143","type":"Product","ean":"7340007900143","name":"Hallon","imageUrl":"http://res.cloudinary.com/coopsverige/image/upload/v1749548243/cloud/487100.jpg","navCategories":[{"code":"32508","name":"Bär","superCategories":[{"code":"32484","name":"Frukt & bär","superCategories":[{"code":"16534","name":"Frukt & Grönsaker","superCategories":[]}]}]}],"packageSize":125.0,"packageSizeInformation":"125 g","packageSizeUnit":"Gram","salesPrice":32.95,"salesPriceData":{"b2cPrice":32.95,"b2bPrice":29.42},"piecePrice":32.95,"piecePriceData":{"b2cPrice":32.95,"b2bPrice":29.42},"salesUnit":"Styck","comparativePriceText":"kr/kg","comparativePriceUnit":{"unit":"kg","text":"kr/kg"},"comparativePrice":219.67,"comparativePriceData":{"b2cPrice":219.67,"b2bPrice":196.13},"articleSold":false,"deposit":0.0,"depositData":{"b2cPrice":0.0,"b2bPrice":0.0},"vat":{"code":"vat-full-2","value":12.0,"type":"Percentage"},"animalFoodData":{},"fromSweden":false,"availableOnline":true,"isMagazine":false,"nutrientBasis":{},"originCountry":{"code":"POLAND","value":"Polen"},"replacementCountries":[],"class":"Klass 1","pharmaceuticalData":{"isPharmaceutical":false},"sustainabilityInfoApplicable":true},{"id":"7340007900105","type":"Product","ean":"7340007900105","name":"Blåbär","imageUrl":"http://res.cloudinary.com/coopsverige/image/upload/v1749548236/cloud/487099.jpg","navCategories":[{"code":"32508","name":"Bär","superCategories":[{"code":"32484","name":"Frukt & bär","superCategories":[{"code":"16534","name":"Frukt & Grönsaker","superCategories":[]}]}]}],"packageSize":125.0,"packageSizeInformation":"125g","packageSizeUnit":"Gram","salesPrice":29.95,"salesPriceData":{"b2cPrice":29.95,"b2bPrice":26.74},"piecePrice":29.95,"piecePriceData":{"b2cPrice":29.95,"b2bPrice":26.74},"salesUnit":"Styck","comparativePriceText":"","articleSold":false,"deposit":0.0,"depositData":{"b2cPrice":0.0,"b2bPrice":0.0},"vat":{"code":"vat-full-2","value":12.0,"type":"Percentage"},"animalFoodData":{},"fromSweden":false,"availableOnline":true,"isMagazine":false,"nutrientBasis":{},"originCountry":{"code":"POLAND","value":"Polen"},"replacementCountries":[],"class":"Klass 1","pharmaceuticalData":{"isPharmaceutical":false},"sustainabilityInfoApplicable":true},{"id":"7300156585707","type":"Product","ean":"7300156585707","name":"Päron","manufacturerName":"Xtra","description":"Produkten varierar något i storlek och vikt. När du handlar hos oss visar vi en uppskattad vikt för varan och ett pris baserat på kilopriset. Ni debiteras efter vi plockat ihop era varor den verkliga vikten. Vi garanterar att du alltid betalar för varans verkliga vikt.","imageUrl":"http://res.cloudinary.com/coopsverige/image/upload/v1642152850/cloud/243005.tiff","navCategories":[{"code":"32488","name":"Päron","superCategories":[{"code":"32484","name":"Frukt & bär","superCategories":[{"code":"16534","name":"Frukt & Grönsaker","superCategories":[]}]}]}],"packageSize":1000.0,"packageSizeInformation":"1 KG","packageSizeUnit":"Gram","salesPrice":22.95,"salesPriceData":{"b2cPrice":22.95,"b2bPrice":20.49},"piecePrice":22.95,"piecePriceData":{"b2cPrice":22.95,"b2bPrice":20.49},"salesUnit":"Styck","comparativePriceText":"kr/kg","comparativePriceUnit":{"unit":"kg","text":"kr/kg"},"comparativePrice":22.95,"comparativePriceData":{"b2cPrice":22.95,"b2bPrice":20.49},"articleSold":false,"deposit":0.0,"depositData":{"b2cPrice":0.0,"b2bPrice":0.0},"vat":{"code":"vat-full-2","value":12.0,"type":"Percentage"},"animalFoodData":{},"fromSweden":false,"availableOnline":true,"isMagazine":false,"nutrientBasis":{},"originCountry":{"code":"BELGIUM","value":"Belgien"},"replacementCountries":[],"variety":"Conference","class":"Klass 2","pharmaceuticalData":{"isPharmaceutical":false},"sustainabilityInfoApplicable":true},{"id":"7323130106392","type":"Product","ean":"7323130106392","name":"Jordgubbar","imageUrl":"http://res.cloudinary.com/coopsverige/image/upload/v1706794914/cloud/324434.tiff","navCategories":[{"code":"32508","name":"Bär","superCategories":[{"code":"32484","name":"Frukt & bär","superCategories":[{"code":"16534","name":"Frukt & Grönsaker","superCategories":[]}]}]}],"packageSizeInformation":"400g","salesPrice":64.95,"salesPriceData":{"b2cPrice":64.95,"b2bPrice":57.99},"piecePrice":64.95,"piecePriceData":{"b2cPrice":64.95,"b2bPrice":57.99},"salesUnit":"Styck","comparativePriceText":"kr/kg","comparativePriceUnit":{"unit":"kg","text":"kr/kg"},"comparativePrice":162.38,"comparativePriceData":{"b2cPrice":162.38,"b2bPrice":144.98},"articleSold":false,"deposit":0.0,"depositData":{"b2cPrice":0.0,"b2bPrice":0.0},"vat":{"code":"vat-full-2","value":12.0,"type":"Percentage"},"animalFoodData":{},"fromSweden":false,"availableOnline":true,"isMagazine":false,"nutrientBasis":{},"originCountry":{"code":"SPAIN","value":"Spanien"},"replacementCountries":[],"class":"Klass 1","pharmaceuticalData":{"isPharmaceutical":false},"sustainabilityInfoApplicable":true},{"id":"7300156598943","type":"Product","ean":"7300156598943","name":"Tomater Delikata","manufacturerName":"COOP","imageUrl":"http://res.cloudinary.com/coopsverige/image/upload/v1736345212/cloud/421813.jpg","navCategories":[{"code":"32408","name":"Tomat","superCategories":[{"code":"32361","name":"Grönsaker","superCategories":[{"code":"16534","name":"Frukt & Grönsaker","superCategories":[]}]}]}],"packageSize":190.0,"packageSizeInformation":"190 g","packageSizeUnit":"Gram","salesPrice":29.95,"salesPriceData":{"b2cPrice":29.95,"b2bPrice":26.74},"piecePrice":29.95,"piecePriceData":{"b2cPrice":29.95,"b2bPrice":26.74},"salesUnit":"Styck","comparativePriceText":"kr/kg","comparativePriceUnit":{"unit":"kg","text":"kr/kg"},"comparativePrice":176.18,"comparativePriceData":{"b2cPrice":176.18,"b2bPrice":157.3},"articleSold":false,"deposit":0.0,"depositData":{"b2cPrice":0.0,"b2bPrice":0.0},"vat":{"code":"vat-full-2","value":12.0,"type":"Percentage"},"animalFoodData":{},"fromSweden":false,"availableOnline":true,"isMagazine":false,"nutrientBasis":{},"originCountry":{"code":"BELGIUM","value":"Belgien"},"replacementCountries":[],"pharmaceuticalData":{"isPharmaceutical":false},"sustainabilityInfoApplicable":true},{"id":"7300156598530","type":"Product","ean":"7300156598530","name":"Tomat fantastica","manufacturerName":"COOP","imageUrl":"http://res.cloudinary.com/coopsverige/image/upload/v1749043900/cloud/486577.jpg","navCategories":[{"code":"32408","name":"Tomat","superCategories":[{"code":"32361","name":"Grönsaker","superCategories":[{"code":"16534","name":"Frukt & Grönsaker","superCategories":[]}]}]}],"packageSize":220.0,"packageSizeInformation":"220 g","packageSizeUnit":"Gram","salesPrice":29.95,"salesPriceData":{"b2cPrice":29.95,"b2bPrice":26.74},"piecePrice":29.95,"piecePriceData":{"b2cPrice":29.95,"b2bPrice":26.74},"salesUnit":"Styck","comparativePriceText":"kr/st","comparativePriceUnit":{"unit":"styck","text":"kr/st"},"comparativePrice":149.75,"comparativePriceData":{"b2cPrice":149.75,"b2bPrice":133.71},"articleSold":false,"deposit":0.0,"depositData":{"b2cPrice":0.0,"b2bPrice":0.0},"vat":{"code":"vat-full-2","value":12.0,"type":"Percentage"},"animalFoodData":{},"fromSweden":false,"availableOnline":true,"isMagazine":false,"nutrientBasis":{},"originCountry":{"code":"SWEDEN","value":"Sverige"},"replacementCountries":[],"class":"Klass 1","pharmaceuticalData":{"isPharmaceutical":false},"sustainabilityInfoApplicable":true},{"id":"7300156577481","type":"Product","ean":"7300156577481","name":"Potatis Små Fina","manufacturerName":"COOP","imageUrl":"http://res.cloudinary.com/coopsverige/image/upload/v1738326042/cloud/430358.jpg","navCategories":[{"code":"32466","name":"Potatis","superCategories":[{"code":"32361","name":"Grönsaker","superCategories":[{"code":"16534","name":"Frukt & Grönsaker","superCategories":[]}]}]}],"packageSize":900.0,"packageSizeInformation":"900 g","packageSizeUnit":"Gram","salesPrice":22.95,"salesPriceData":{"b2cPrice":22.95,"b2bPrice":20.49},"piecePrice":22.95,"piecePriceData":{"b2cPrice":22.95,"b2bPrice":20.49},"salesUnit":"Styck","comparativePriceText":"kr/kg","comparativePriceUnit":{"unit":"kg","text":"kr/kg"},"comparativePrice":25.5,"comparativePriceData":{"b2cPrice":25.5,"b2bPrice":22.77},"articleSold":false,"deposit":0.0,"depositData":{"b2cPrice":0.0,"b2bPrice":0.0},"vat":{"code":"vat-full-2","value":12.0,"type":"Percentage"},"animalFoodData":{},"fromSweden":false,"availableOnline":true,"isMagazine":false,"nutrientBasis":{},"originCountry":{"code":"SWEDEN","value":"Sverige"},"replacementCountries":[],"class":"Klass 1","pharmaceuticalData":{"isPharmaceutical":false},"sustainabilityInfoApplicable":true},{"id":"7300156475091","type":"Product","ean":"7300156475091","name":"Paprika Mix","manufacturerName":"COOP","description":"Produkten varierar, paprikamixen kan komma att innehålla röd, gul, grön eller orange paprika. ","imageUrl":"http://res.cloudinary.com/coopsverige/image/upload/v1725957459/cloud/384451.jpg","navCategories":[{"code":"198002","name":"Paprika","superCategories":[{"code":"32361","name":"Grönsaker","superCategories":[{"code":"16534","name":"Frukt & Grönsaker","superCategories":[]}]}]}],"packageSize":400.0,"packageSizeInformation":"400 g","packageSizeUnit":"Gram","salesPrice":29.95,"salesPriceData":{"b2cPrice":29.95,"b2bPrice":26.74},"piecePrice":29.95,"piecePriceData":{"b2cPrice":29.95,"b2bPrice":26.74},"salesUnit":"Styck","comparativePriceText":"kr/kg","comparativePriceUnit":{"unit":"kg","text":"kr/kg"},"comparativePrice":74.88,"comparativePriceData":{"b2cPrice":74.88,"b2bPrice":66.86},"articleSold":false,"deposit":0.0,"depositData":{"b2cPrice":0.0,"b2bPrice":0.0},"vat":{"code":"vat-full-2","value":12.0,"type":"Percentage"},"animalFoodData":{},"fromSweden":false,"availableOnline":true,"isMagazine":false,"nutrientBasis":{},"originCountry":{"code":"THE NETHERLANDS","value":"Nederländerna"},"replacementCountries":[{"code":"SPAIN","value":"Spanien"}],"class":"Klass 1","pharmaceuticalData":{"isPharmaceutical":false},"sustainabilityInfo":[{"productScore":[{"score":2.0,"param":"Biologisk mångfald","paramId":"biodiversity"},{"score":2.0,"param":"Klimat","paramId":"climate"},{"score":1.0,"param":"Bördighet","paramId":"soil_fertility"},{"score":2.0,"param":"Vatten","paramId":"water"},{"score":2.0,"param":"Bekämpningsmedel","paramId":"pesticides"},{"score":2.0,"param":"Övergödning","paramId":"eutrophication"},{"score":null,"param":"Djuromsorg och antibiotika","paramId":"animal_welfare_antibiotics"},{"score":1.0,"param":"Arbetsförhållanden","paramId":"working_conditions"},{"score":1.0,"param":"Lokalbefolkning","paramId":"local_population"},{"score":1.0,"param":"Lagefterlevnad och spårbarhet","paramId":"compliance_traceability"}]}],"sustainabilityInfoApplicable":true},{"id":"7300156591463","type":"Product","ean":"7300156591463","name":"Broccoli","manufacturerName":"COOP","imageUrl":"http://res.cloudinary.com/coopsverige/image/upload/v1725363767/cloud/382565.jpg","navCategories":[{"code":"334457","name":"Blomkål & Broccoli","superCategories":[{"code":"32361","name":"Grönsaker","superCategories":[{"code":"16534","name":"Frukt & Grönsaker","superCategories":[]}]}]}],"packageSize":250.0,"packageSizeInformation":"250 g","packageSizeUnit":"Gram","salesPrice":17.95,"salesPriceData":{"b2cPrice":17.95,"b2bPrice":16.03},"piecePrice":17.95,"piecePriceData":{"b2cPrice":17.95,"b2bPrice":16.03},"salesUnit":"Styck","comparativePriceText":"kr/kg","comparativePriceUnit":{"unit":"kg","text":"kr/kg"},"comparativePrice":71.8,"comparativePriceData":{"b2cPrice":71.8,"b2bPrice":64.11},"articleSold":false,"deposit":0.0,"depositData":{"b2cPrice":0.0,"b2bPrice":0.0},"vat":{"code":"vat-full-2","value":12.0,"type":"Percentage"},"animalFoodData":{},"onlinePromotions":[{"id":"016001_36092","price":25.0,"priceData":{"b2cPrice":25.0,"b2bPrice":22.32},"startDate":"2025-08-31T22:00:00Z","endDate":"2025-09-07T22:00:00Z","message":"BROCCOLI 2 FÖR 25 KR-2 för 25:-","type":"MULTI_BUY_FIXED_PRICE","numberOfProductRequired":2,"medMeraRequired":false,"priority":910,"comparativePrice":{"b2cPrice":50.0,"b2bPrice":44.64},"higherThanHistoricalPrice":false}],"fromSweden":false,"availableOnline":true,"isMagazine":false,"nutrientBasis":{},"originCountry":{"code":"SWEDEN","value":"Sverige"},"replacementCountries":[{"code":"SPAIN","value":"Spanien"}],"class":"Klass 1","pharmaceuticalData":{"isPharmaceutical":false},"sustainabilityInfoApplicable":true},{"id":"7300156596437","type":"Product","ean":"7300156596437","name":"Champinjoner","manufacturerName":"COOP","imageUrl":"http://res.cloudinary.com/coopsverige/image/upload/v1679672311/cloud/277841.tiff","navCategories":[{"code":"32474","name":"Svamp","superCategories":[{"code":"32361","name":"Grönsaker","superCategories":[{"code":"16534","name":"Frukt & Grönsaker","superCategories":[]}]}]}],"packageSize":250.0,"packageSizeInformation":"250 g","packageSizeUnit":"Gram","salesPrice":19.95,"salesPriceData":{"b2cPrice":19.95,"b2bPrice":17.81},"piecePrice":19.95,"piecePriceData":{"b2cPrice":19.95,"b2bPrice":17.81},"salesUnit":"Styck","comparativePriceText":"kr/kg","comparativePriceUnit":{"unit":"kg","text":"kr/kg"},"comparativePrice":79.8,"comparativePriceData":{"b2cPrice":79.8,"b2bPrice":71.25},"articleSold":false,"deposit":0.0,"depositData":{"b2cPrice":0.0,"b2bPrice":0.0},"vat":{"code":"vat-full-2","value":12.0,"type":"Percentage"},"animalFoodData":{},"onlinePromotions":[{"id":"016001_36093","price":30.0,"priceData":{"b2cPrice":30.0,"b2bPrice":26.79},"startDate":"2025-08-31T22:00:00Z","endDate":"2025-09-07T22:00:00Z","message":"CHAMPINJON 2 FÖR 30 KR-2 för 30:-","type":"MULTI_BUY_FIXED_PRICE","numberOfProductRequired":2,"medMeraRequired":false,"priority":910,"comparativePrice":{"b2cPrice":60.0,"b2bPrice":53.57},"higherThanHistoricalPrice":false}],"fromSweden":false,"availableOnline":true,"isMagazine":false,"nutrientBasis":{},"originCountry":{"code":"POLAND","value":"Polen"},"replacementCountries":[{"code":"LITHUANIA","value":"Litauen"}],"pharmaceuticalData":{"isPharmaceutical":false},"sustainabilityInfoApplicable":true},{"id":"7300156598806","type":"Product","ean":"7300156598806","name":"Babyspenat","manufacturerName":"Coop","description":"Babyspenat. Sköljd och färdig att ätas.","imageUrl":"http://res.cloudinary.com/coopsverige/image/upload/v1730807178/cloud/399835.tiff","listOfIngredients":"Ingredienser: Babyspenat 100%","navCategories":[{"code":"334460","name":"Färdigskuret","superCategories":[{"code":"32361","name":"Grönsaker","superCategories":[{"code":"16534","name":"Frukt & Grönsaker","superCategories":[]}]}]}],"maxStorageTemperature":"4","packageSize":65.0,"packageSizeInformation":"65 g","packageSizeUnit":"Gram","salesPrice":14.95,"salesPriceData":{"b2cPrice":14.95,"b2bPrice":13.35},"piecePrice":14.95,"piecePriceData":{"b2cPrice":14.95,"b2bPrice":13.35},"salesUnit":"Styck","comparativePriceText":"kr/kg","comparativePriceUnit":{"unit":"kg","text":"kr/kg"},"comparativePrice":230.0,"comparativePriceData":{"b2cPrice":230.0,"b2bPrice":205.36},"articleSold":false,"deposit":0.0,"depositData":{"b2cPrice":0.0,"b2bPrice":0.0},"vat":{"code":"vat-full-2","value":12.0,"type":"Percentage"},"nutrientLinks":[{"amount":["24"],"description":"Energi","unit":"Kilokalori"},{"amount":["101"],"description":"Energi","unit":"Kilojoule"},{"amount":["0.4"],"description":"Fett","unit":"Gram"},{"amount":["0.1"],"description":"Varav mättat fett","unit":"Gram"},{"amount":["0.8"],"description":"Kolhydrat","unit":"Gram"},{"amount":["0.3"],"description":"Varav sockerarter","unit":"Gram"},{"amount":["3.3"],"description":"Protein","unit":"Gram"},{"amount":["0.3"],"description":"Salt","unit":"Gram"}],"animalFoodData":{},"fromSweden":false,"availableOnline":true,"countryOfOriginCodes":[{"code":"752","value":"Sverige"}],"isMagazine":false,"nutrientBasis":{"quantity":100.0},"originCountry":{"code":"SWEDEN","value":"Sverige"},"replacementCountries":[],"pharmaceuticalData":{"isPharmaceutical":false},"nutrientInformation":[{"header":{"nutrientBasisQuantity":100.0,"nutrientBasisQuantityType":"BY_MEASURE","nutrientBasisQuantityUnit":{"code":"GRM","value":"Gram"}}}],"regulatedArticleDescription":"Babyspenat 65gr","sustainabilityInfoApplicable":true},{"id":"7394048001055","type":"Product","ean":"7394048001055","name":"Groddar Eko","imageUrl":"http://res.cloudinary.com/coopsverige/image/upload/v1439905126/48848.tiff","navCategories":[{"code":"32456","name":"Sallad & Groddar","superCategories":[{"code":"32361","name":"Grönsaker","superCategories":[{"code":"16534","name":"Frukt & Grönsaker","superCategories":[]}]}]}],"packageSizeInformation":"130 gr","salesPrice":24.95,"salesPriceData":{"b2cPrice":24.95,"b2bPrice":22.28},"piecePrice":24.95,"piecePriceData":{"b2cPrice":24.95,"b2bPrice":22.28},"salesUnit":"Styck","comparativePriceText":"kr/kg","comparativePriceUnit":{"unit":"kg","text":"kr/kg"},"comparativePrice":191.92,"comparativePriceData":{"b2cPrice":191.92,"b2bPrice":171.36},"articleSold":false,"deposit":0.0,"depositData":{"b2cPrice":0.0,"b2bPrice":0.0},"vat":{"code":"vat-full-2","value":12.0,"type":"Percentage"},"animalFoodData":{},"onlinePromotions":[{"id":"016001_36113","price":40.0,"priceData":{"b2cPrice":40.0,"b2bPrice":35.71},"startDate":"2025-08-31T22:00:00Z","endDate":"2025-09-07T22:00:00Z","message":"GRODDAR 2 FÖR 40 KR-2 för 40:-","type":"MULTI_BUY_FIXED_PRICE","numberOfProductRequired":2,"medMeraRequired":false,"priority":910,"comparativePrice":{"b2cPrice":153.84,"b2bPrice":137.36},"higherThanHistoricalPrice":false}],"fromSweden":false,"availableOnline":true,"isMagazine":false,"nutrientBasis":{},"originCountry":{"code":"SWEDEN","value":"Sverige"},"replacementCountries":[],"variety":"Alfa","pharmaceuticalData":{"isPharmaceutical":false},"sustainabilityInfo":[{"productScore":[{"score":1.0,"param":"Biologisk mångfald","paramId":"biodiversity"},{"score":1.0,"param":"Klimat","paramId":"climate"},{"score":1.0,"param":"Bördighet","paramId":"soil_fertility"},{"score":1.0,"param":"Vatten","paramId":"water"},{"score":1.0,"param":"Bekämpningsmedel","paramId":"pesticides"},{"score":1.0,"param":"Övergödning","paramId":"eutrophication"},{"score":null,"param":"Djuromsorg och antibiotika","paramId":"animal_welfare_antibiotics"},{"score":1.0,"param":"Arbetsförhållanden","paramId":"working_conditions"},{"score":1.0,"param":"Lokalbefolkning","paramId":"local_population"},{"score":1.0,"param":"Lagefterlevnad och spårbarhet","paramId":"compliance_traceability"}]}],"sustainabilityInfoApplicable":true},{"id":"2317455200007","type":"Product","ean":"2317455200007","name":"Salladskål","imageUrl":"http://res.cloudinary.com/coopsverige/image/upload/v1440061904/49501.tiff","navCategories":[{"code":"32456","name":"Sallad & Groddar","superCategories":[{"code":"32361","name":"Grönsaker","superCategories":[{"code":"16534","name":"Frukt & Grönsaker","superCategories":[]}]}]}],"packageSize":950.0,"packageSizeInformation":"950 gram ungefärlig vikt","packageSizeUnit":"gram ungefärlig vikt","pieceWeight":0.95,"salesPrice":32.95,"salesPriceData":{"b2cPrice":32.95,"b2bPrice":29.42},"piecePrice":31.3,"piecePriceData":{"b2cPrice":31.3,"b2bPrice":27.95},"salesUnit":"Vikt","comparativePriceText":"kr/kg","comparativePriceUnit":{"unit":"kg","text":"kr/kg"},"comparativePrice":32.95,"comparativePriceData":{"b2cPrice":32.95,"b2bPrice":29.42},"articleSold":false,"deposit":0.0,"depositData":{"b2cPrice":0.0,"b2bPrice":0.0},"vat":{"code":"vat-full-2","value":12.0,"type":"Percentage"},"animalFoodData":{},"fromSweden":false,"availableOnline":true,"isMagazine":false,"nutrientBasis":{},"originCountry":{"code":"THE NETHERLANDS","value":"Nederländerna"},"replacementCountries":[],"class":"Klass 1","pharmaceuticalData":{"isPharmaceutical":false},"sustainabilityInfo":[{"productScore":[{"score":2.0,"param":"Biologisk mångfald","paramId":"biodiversity"},{"score":1.0,"param":"Klimat","paramId":"climate"},{"score":2.0,"param":"Bördighet","paramId":"soil_fertility"},{"score":2.0,"param":"Vatten","paramId":"water"},{"score":2.0,"param":"Bekämpningsmedel","paramId":"pesticides"},{"score":2.0,"param":"Övergödning","paramId":"eutrophication"},{"score":null,"param":"Djuromsorg och antibiotika","paramId":"animal_welfare_antibiotics"},{"score":2.5,"param":"Arbetsförhållanden","paramId":"working_conditions"},{"score":2.5,"param":"Lokalbefolkning","paramId":"local_population"},{"score":1.0,"param":"Lagefterlevnad och spårbarhet","paramId":"compliance_traceability"}]}],"sustainabilityInfoApplicable":true},{"id":"7330606050844","type":"Product","ean":"7330606050844","name":"Isbergsallat Eko","imageUrl":"http://res.cloudinary.com/coopsverige/image/upload/v1589978827/400216.tiff","navCategories":[{"code":"32456","name":"Sallad & Groddar","superCategories":[{"code":"32361","name":"Grönsaker","superCategories":[{"code":"16534","name":"Frukt & Grönsaker","superCategories":[]}]}]}],"accreditedTags":[{"code":"EU_ORGANIC_FARMING","description":"EU Lövet","imageUrl":"https://res.cloudinary.com/coopsverige/image/upload/cooponline/produktmarkning/EUOrganicFarmingLogo.jpg","priority":180}],"packageSize":330.0,"packageSizeInformation":"330 gram ungefärlig vikt","packageSizeUnit":"gram ungefärlig vikt","pieceWeight":0.33,"salesPrice":29.95,"salesPriceData":{"b2cPrice":29.95,"b2bPrice":26.74},"piecePrice":29.95,"piecePriceData":{"b2cPrice":29.95,"b2bPrice":26.74},"salesUnit":"Styck","comparativePriceText":"kr/kg","comparativePriceUnit":{"unit":"kg","text":"kr/kg"},"comparativePrice":90.76,"comparativePriceData":{"b2cPrice":90.76,"b2bPrice":81.04},"articleSold":false,"deposit":0.0,"depositData":{"b2cPrice":0.0,"b2bPrice":0.0},"vat":{"code":"vat-full-2","value":12.0,"type":"Percentage"},"animalFoodData":{},"fromSweden":false,"availableOnline":true,"isMagazine":false,"nutrientBasis":{},"originCountry":{"code":"DENMARK","value":"Danmark"},"replacementCountries":[],"class":"Klass 1","pharmaceuticalData":{"isPharmaceutical":false},"sustainabilityInfo":[{"productScore":[{"score":1.0,"param":"Biologisk mångfald","paramId":"biodiversity"},{"score":1.0,"param":"Klimat","paramId":"climate"},{"score":1.0,"param":"Bördighet","paramId":"soil_fertility"},{"score":2.0,"param":"Vatten","paramId":"water"},{"score":1.0,"param":"Bekämpningsmedel","paramId":"pesticides"},{"score":1.0,"param":"Övergödning","paramId":"eutrophication"},{"score":null,"param":"Djuromsorg och antibiotika","paramId":"animal_welfare_antibiotics"},{"score":2.0,"param":"Arbetsförhållanden","paramId":"working_conditions"},{"score":2.5,"param":"Lokalbefolkning","paramId":"local_population"},{"score":1.0,"param":"Lagefterlevnad och spårbarhet","paramId":"compliance_traceability"}]}],"sustainabilityInfoApplicable":true},{"id":"7300156584090","type":"Product","ean":"7300156584090","name":"Paprika Snack Röd","manufacturerName":"COOP","imageUrl":"http://res.cloudinary.com/coopsverige/image/upload/v1625576251/cloud/230499.tiff","navCategories":[{"code":"198002","name":"Paprika","superCategories":[{"code":"32361","name":"Grönsaker","superCategories":[{"code":"16534","name":"Frukt & Grönsaker","superCategories":[]}]}]}],"packageSize":200.0,"packageSizeInformation":"200 g","packageSizeUnit":"Gram","salesPrice":19.95,"salesPriceData":{"b2cPrice":19.95,"b2bPrice":17.81},"piecePrice":19.95,"piecePriceData":{"b2cPrice":19.95,"b2bPrice":17.81},"salesUnit":"Styck","comparativePriceText":"kr/kg","comparativePriceUnit":{"unit":"kg","text":"kr/kg"},"comparativePrice":99.75,"comparativePriceData":{"b2cPrice":99.75,"b2bPrice":89.06},"articleSold":false,"deposit":0.0,"depositData":{"b2cPrice":0.0,"b2bPrice":0.0},"vat":{"code":"vat-full-2","value":12.0,"type":"Percentage"},"animalFoodData":{},"fromSweden":false,"availableOnline":true,"isMagazine":false,"nutrientBasis":{},"originCountry":{"code":"THE NETHERLANDS","value":"Nederländerna"},"replacementCountries":[{"code":"SPAIN","value":"Spanien"}],"class":"Klass 1","pharmaceuticalData":{"isPharmaceutical":false},"sustainabilityInfo":[{"productScore":[{"score":2.0,"param":"Biologisk mångfald","paramId":"biodiversity"},{"score":1.0,"param":"Klimat","paramId":"climate"},{"score":2.0,"param":"Bördighet","paramId":"soil_fertility"},{"score":2.0,"param":"Vatten","paramId":"water"},{"score":2.0,"param":"Bekämpningsmedel","paramId":"pesticides"},{"score":2.0,"param":"Övergödning","paramId":"eutrophication"},{"score":null,"param":"Djuromsorg och antibiotika","paramId":"animal_welfare_antibiotics"},{"score":2.5,"param":"Arbetsförhållanden","paramId":"working_conditions"},{"score":3.0,"param":"Lokalbefolkning","paramId":"local_population"},{"score":3.0,"param":"Lagefterlevnad och spårbarhet","paramId":"compliance_traceability"}]}],"sustainabilityInfoApplicable":true},{"id":"7323130109355","type":"Product","ean":"7323130109355","name":"Böngroddar Eko","imageUrl":"http://res.cloudinary.com/coopsverige/image/upload/v1439905076/48840.tiff","navCategories":[{"code":"32456","name":"Sallad & Groddar","superCategories":[{"code":"32361","name":"Grönsaker","superCategories":[{"code":"16534","name":"Frukt & Grönsaker","superCategories":[]}]}]}],"packageSizeInformation":"180 g","salesPrice":24.95,"salesPriceData":{"b2cPrice":24.95,"b2bPrice":22.28},"piecePrice":24.95,"piecePriceData":{"b2cPrice":24.95,"b2bPrice":22.28},"salesUnit":"Styck","comparativePriceText":"kr/kg","comparativePriceUnit":{"unit":"kg","text":"kr/kg"},"comparativePrice":138.61,"comparativePriceData":{"b2cPrice":138.61,"b2bPrice":123.76},"articleSold":false,"deposit":0.0,"depositData":{"b2cPrice":0.0,"b2bPrice":0.0},"vat":{"code":"vat-full-2","value":12.0,"type":"Percentage"},"animalFoodData":{},"onlinePromotions":[{"id":"016001_36113","price":40.0,"priceData":{"b2cPrice":40.0,"b2bPrice":35.71},"startDate":"2025-08-31T22:00:00Z","endDate":"2025-09-07T22:00:00Z","message":"GRODDAR 2 FÖR 40 KR-2 för 40:-","type":"MULTI_BUY_FIXED_PRICE","numberOfProductRequired":2,"medMeraRequired":false,"priority":910,"comparativePrice":{"b2cPrice":111.11,"b2bPrice":99.21},"higherThanHistoricalPrice":false}],"fromSweden":false,"availableOnline":true,"isMagazine":false,"nutrientBasis":{},"originCountry":{"code":"SWEDEN","value":"Sverige"},"replacementCountries":[],"pharmaceuticalData":{"isPharmaceutical":false},"sustainabilityInfo":[{"productScore":[{"score":4.0,"param":"Biologisk mångfald","paramId":"biodiversity"},{"score":1.0,"param":"Klimat","paramId":"climate"},{"score":3.0,"param":"Bördighet","paramId":"soil_fertility"},{"score":1.0,"param":"Vatten","paramId":"water"},{"score":2.0,"param":"Bekämpningsmedel","paramId":"pesticides"},{"score":3.0,"param":"Övergödning","paramId":"eutrophication"},{"score":null,"param":"Djuromsorg och antibiotika","paramId":"animal_welfare_antibiotics"},{"score":2.0,"param":"Arbetsförhållanden","paramId":"working_conditions"},{"score":1.0,"param":"Lokalbefolkning","paramId":"local_population"},{"score":0.5,"param":"Lagefterlevnad och spårbarhet","paramId":"compliance_traceability"}]}],"sustainabilityInfoApplicable":true},{"id":"7300156589538","type":"Product","ean":"7300156589538","name":"Avokado Ätmogen 3-pack","manufacturerName":"COOP","imageUrl":"http://res.cloudinary.com/coopsverige/image/upload/v1727857129/cloud/391207.jpg","navCategories":[{"code":"334453","name":"Avokado","superCategories":[{"code":"32361","name":"Grönsaker","superCategories":[{"code":"16534","name":"Frukt & Grönsaker","superCategories":[]}]}]}],"maxStorageTemperature":"8","packageSize":400.0,"packageSizeInformation":"400 g","packageSizeUnit":"Gram","salesPrice":38.95,"salesPriceData":{"b2cPrice":38.95,"b2bPrice":34.78},"piecePrice":38.95,"piecePriceData":{"b2cPrice":38.95,"b2bPrice":34.78},"salesUnit":"Styck","comparativePriceText":"kr/st","comparativePriceUnit":{"unit":"styck","text":"kr/st"},"comparativePrice":97.38,"comparativePriceData":{"b2cPrice":97.38,"b2bPrice":86.95},"articleSold":false,"deposit":0.0,"depositData":{"b2cPrice":0.0,"b2bPrice":0.0},"vat":{"code":"vat-full-2","value":12.0,"type":"Percentage"},"animalFoodData":{},"fromSweden":false,"availableOnline":true,"isMagazine":false,"nutrientBasis":{},"originCountry":{"code":"CHILE","value":"Chile"},"replacementCountries":[{"code":"ISRAEL","value":"Israel"}],"variety":"Hass","class":"Klass 1","pharmaceuticalData":{"isPharmaceutical":false},"sustainabilityInfo":[{"productScore":[{"score":2.0,"param":"Biologisk mångfald","paramId":"biodiversity"},{"score":2.0,"param":"Klimat","paramId":"climate"},{"score":2.0,"param":"Bördighet","paramId":"soil_fertility"},{"score":2.0,"param":"Vatten","paramId":"water"},{"score":2.0,"param":"Bekämpningsmedel","paramId":"pesticides"},{"score":2.0,"param":"Övergödning","paramId":"eutrophication"},{"score":null,"param":"Djuromsorg och antibiotika","paramId":"animal_welfare_antibiotics"},{"score":2.0,"param":"Arbetsförhållanden","paramId":"working_conditions"},{"score":3.0,"param":"Lokalbefolkning","paramId":"local_population"},{"score":2.5,"param":"Lagefterlevnad och spårbarhet","paramId":"compliance_traceability"}]}],"sustainabilityInfoApplicable":true},{"id":"7340011309598","type":"Product","ean":"7340011309598","name":"Paprika Snack Eko","manufacturerName":"Änglamark","imageUrl":"http://res.cloudinary.com/coopsverige/image/upload/v1725957955/cloud/384501.jpg","navCategories":[{"code":"198002","name":"Paprika","superCategories":[{"code":"32361","name":"Grönsaker","superCategories":[{"code":"16534","name":"Frukt & Grönsaker","superCategories":[]}]}]}],"accreditedTags":[{"code":"EU_ORGANIC_FARMING","description":"EU Lövet","imageUrl":"https://res.cloudinary.com/coopsverige/image/upload/cooponline/produktmarkning/EUOrganicFarmingLogo.jpg","priority":180},{"code":"KRAV_MARK","description":"KRAV","imageUrl":"https://res.cloudinary.com/coopsverige/image/upload/v1750847718/cooponline/Icons/2025/krav-logo_z2ptpn.png","priority":100}],"packageSize":170.0,"packageSizeInformation":"170 g","packageSizeUnit":"Gram","salesPrice":39.95,"salesPriceData":{"b2cPrice":39.95,"b2bPrice":35.67},"piecePrice":39.95,"piecePriceData":{"b2cPrice":39.95,"b2bPrice":35.67},"salesUnit":"Styck","comparativePriceText":"kr/kg","comparativePriceUnit":{"unit":"kg","text":"kr/kg"},"comparativePrice":235.0,"comparativePriceData":{"b2cPrice":235.0,"b2bPrice":209.82},"articleSold":false,"deposit":0.0,"depositData":{"b2cPrice":0.0,"b2bPrice":0.0},"vat":{"code":"vat-full-2","value":12.0,"type":"Percentage"},"animalFoodData":{},"fromSweden":false,"availableOnline":true,"countryOfOriginCodes":[{"code":"724","value":"Spanien"}],"isMagazine":false,"nutrientBasis":{},"originCountry":{"code":"SPAIN","value":"Spanien"},"replacementCountries":[],"class":"Klass 1","pharmaceuticalData":{"isPharmaceutical":false},"sustainabilityInfo":[{"productScore":[{"score":1.0,"param":"Biologisk mångfald","paramId":"biodiversity"},{"score":1.0,"param":"Klimat","paramId":"climate"},{"score":1.0,"param":"Bördighet","paramId":"soil_fertility"},{"score":2.0,"param":"Vatten","paramId":"water"},{"score":1.0,"param":"Bekämpningsmedel","paramId":"pesticides"},{"score":1.0,"param":"Övergödning","paramId":"eutrophication"},{"score":null,"param":"Djuromsorg och antibiotika","paramId":"animal_welfare_antibiotics"},{"score":2.0,"param":"Arbetsförhållanden","paramId":"working_conditions"},{"score":2.0,"param":"Lokalbefolkning","paramId":"local_population"},{"score":1.0,"param":"Lagefterlevnad och spårbarhet","paramId":"compliance_traceability"}]}],"sustainabilityInfoApplicable":true},{"id":"7340011309604","type":"Product","ean":"7340011309604","name":"Paprikamix 2-pack Eko","manufacturerName":"Änglamark","description":"Produkten varierar, paprikamixen kan komma att innehålla röd, gul, grön eller orange paprika.","imageUrl":"http://res.cloudinary.com/coopsverige/image/upload/v1725957557/cloud/384461.jpg","navCategories":[{"code":"198002","name":"Paprika","superCategories":[{"code":"32361","name":"Grönsaker","superCategories":[{"code":"16534","name":"Frukt & Grönsaker","superCategories":[]}]}]}],"accreditedTags":[{"code":"EU_ORGANIC_FARMING","description":"EU Lövet","imageUrl":"https://res.cloudinary.com/coopsverige/image/upload/cooponline/produktmarkning/EUOrganicFarmingLogo.jpg","priority":180},{"code":"KRAV_MARK","description":"KRAV","imageUrl":"https://res.cloudinary.com/coopsverige/image/upload/v1750847718/cooponline/Icons/2025/krav-logo_z2ptpn.png","priority":100}],"packageSize":300.0,"packageSizeInformation":"300 g","packageSizeUnit":"Gram","salesPrice":39.95,"salesPriceData":{"b2cPrice":39.95,"b2bPrice":35.67},"piecePrice":39.95,"piecePriceData":{"b2cPrice":39.95,"b2bPrice":35.67},"salesUnit":"Styck","comparativePriceText":"kr/kg","comparativePriceUnit":{"unit":"kg","text":"kr/kg"},"comparativePrice":133.17,"comparativePriceData":{"b2cPrice":133.17,"b2bPrice":118.9},"articleSold":false,"deposit":0.0,"depositData":{"b2cPrice":0.0,"b2bPrice":0.0},"vat":{"code":"vat-full-2","value":12.0,"type":"Percentage"},"animalFoodData":{},"fromSweden":false,"availableOnline":true,"countryOfOriginCodes":[{"code":"752","value":"Sverige"}],"isMagazine":false,"nutrientBasis":{},"originCountry":{"code":"SPAIN","value":"Spanien"},"replacementCountries":[{"code":"THE NETHERLANDS","value":"Nederländerna"}],"class":"Klass 1","pharmaceuticalData":{"isPharmaceutical":false},"sustainabilityInfoApplicable":true},{"id":"5714719000255","type":"Product","ean":"5714719000255","name":"Ärtskott Skörda Hemma","imageUrl":"http://res.cloudinary.com/coopsverige/image/upload/v1665644969/cloud/260067.tiff","navCategories":[{"code":"32456","name":"Sallad & Groddar","superCategories":[{"code":"32361","name":"Grönsaker","superCategories":[{"code":"16534","name":"Frukt & Grönsaker","superCategories":[]}]}]}],"packageSizeInformation":"75 g","salesPrice":24.95,"salesPriceData":{"b2cPrice":24.95,"b2bPrice":22.28},"piecePrice":24.95,"piecePriceData":{"b2cPrice":24.95,"b2bPrice":22.28},"salesUnit":"Styck","comparativePriceText":"kr/kg","comparativePriceUnit":{"unit":"kg","text":"kr/kg"},"comparativePrice":332.67,"comparativePriceData":{"b2cPrice":332.67,"b2bPrice":297.03},"articleSold":false,"deposit":0.0,"depositData":{"b2cPrice":0.0,"b2bPrice":0.0},"vat":{"code":"vat-full-2","value":12.0,"type":"Percentage"},"animalFoodData":{},"fromSweden":false,"availableOnline":true,"isMagazine":false,"nutrientBasis":{},"originCountry":{"code":"DENMARK","value":"Danmark"},"replacementCountries":[],"class":"Klass 1","pharmaceuticalData":{"isPharmaceutical":false},"sustainabilityInfo":[{"productScore":[{"score":4.0,"param":"Biologisk mångfald","paramId":"biodiversity"},{"score":1.0,"param":"Klimat","paramId":"climate"},{"score":1.0,"param":"Bördighet","paramId":"soil_fertility"},{"score":2.0,"param":"Vatten","paramId":"water"},{"score":3.0,"param":"Bekämpningsmedel","paramId":"pesticides"},{"score":3.0,"param":"Övergödning","paramId":"eutrophication"},{"score":null,"param":"Djuromsorg och antibiotika","paramId":"animal_welfare_antibiotics"},{"score":1.0,"param":"Arbetsförhållanden","paramId":"working_conditions"},{"score":1.0,"param":"Lokalbefolkning","paramId":"local_population"},{"score":1.0,"param":"Lagefterlevnad och spårbarhet","paramId":"compliance_traceability"}]}],"sustainabilityInfoApplicable":true},{"id":"7340007926679","type":"Product","ean":"7340007926679","name":"Ärtskott Skörda Hemma 75Gr","imageUrl":"http://res.cloudinary.com/coopsverige/image/upload/v1665644969/cloud/260067.tiff","navCategories":[{"code":"32456","name":"Sallad & Groddar","superCategories":[{"code":"32361","name":"Grönsaker","superCategories":[{"code":"16534","name":"Frukt & Grönsaker","superCategories":[]}]}]}],"packageSizeInformation":"75 GR","packageSizeUnit":"ST ","salesPrice":24.95,"salesPriceData":{"b2cPrice":24.95,"b2bPrice":22.28},"piecePrice":24.95,"piecePriceData":{"b2cPrice":24.95,"b2bPrice":22.28},"salesUnit":"Styck","comparativePriceText":"kr/kg","comparativePriceUnit":{"unit":"kg","text":"kr/kg"},"comparativePrice":332.67,"comparativePriceData":{"b2cPrice":332.67,"b2bPrice":297.03},"articleSold":false,"deposit":0.0,"depositData":{"b2cPrice":0.0,"b2bPrice":0.0},"vat":{"code":"vat-full-2","value":12.0,"type":"Percentage"},"animalFoodData":{},"fromSweden":false,"availableOnline":true,"isMagazine":false,"nutrientBasis":{},"originCountry":{"code":"DENMARK","value":"Danmark"},"replacementCountries":[],"class":"Klass 1","sustainabilityInfo":[{"productScore":[{"score":4.0,"param":"Biologisk mångfald","paramId":"biodiversity"},{"score":1.0,"param":"Klimat","paramId":"climate"},{"score":1.0,"param":"Bördighet","paramId":"soil_fertility"},{"score":2.0,"param":"Vatten","paramId":"water"},{"score":3.0,"param":"Bekämpningsmedel","paramId":"pesticides"},{"score":3.0,"param":"Övergödning","paramId":"eutrophication"},{"score":null,"param":"Djuromsorg och antibiotika","paramId":"animal_welfare_antibiotics"},{"score":1.0,"param":"Arbetsförhållanden","paramId":"working_conditions"},{"score":1.0,"param":"Lokalbefolkning","paramId":"local_population"},{"score":1.0,"param":"Lagefterlevnad och spårbarhet","paramId":"compliance_traceability"}]}],"sustainabilityInfoApplicable":true},{"id":"7300156476302","type":"Product","ean":"7300156476302","name":"Morötter","manufacturerName":"COOP","imageUrl":"http://res.cloudinary.com/coopsverige/image/upload/v1729692445/cloud/396496.jpg","navCategories":[{"code":"32470","name":"Morötter","superCategories":[{"code":"32361","name":"Grönsaker","superCategories":[{"code":"16534","name":"Frukt & Grönsaker","superCategories":[]}]}]}],"packageSize":500.0,"packageSizeInformation":"500 g","packageSizeUnit":"Gram","salesPrice":9.95,"salesPriceData":{"b2cPrice":9.95,"b2bPrice":8.88},"piecePrice":9.95,"piecePriceData":{"b2cPrice":9.95,"b2bPrice":8.88},"salesUnit":"Styck","comparativePriceText":"kr/kg","comparativePriceUnit":{"unit":"kg","text":"kr/kg"},"comparativePrice":19.9,"comparativePriceData":{"b2cPrice":19.9,"b2bPrice":17.77},"articleSold":false,"deposit":0.0,"depositData":{"b2cPrice":0.0,"b2bPrice":0.0},"vat":{"code":"vat-full-2","value":12.0,"type":"Percentage"},"animalFoodData":{},"fromSweden":false,"availableOnline":true,"isMagazine":false,"nutrientBasis":{},"originCountry":{"code":"SWEDEN","value":"Sverige"},"replacementCountries":[],"class":"Klass 1","pharmaceuticalData":{"isPharmaceutical":false},"sustainabilityInfoApplicable":true},{"id":"7300156589644","type":"Product","ean":"7300156589644","name":"Plommontomat","manufacturerName":"Coop","imageUrl":"http://res.cloudinary.com/coopsverige/image/upload/v1726576861/cloud/386378.jpg","navCategories":[{"code":"32408","name":"Tomat","superCategories":[{"code":"32361","name":"Grönsaker","superCategories":[{"code":"16534","name":"Frukt & Grönsaker","superCategories":[]}]}]}],"packageSizeInformation":"400 g","salesPrice":26.95,"salesPriceData":{"b2cPrice":26.95,"b2bPrice":24.06},"piecePrice":26.95,"piecePriceData":{"b2cPrice":26.95,"b2bPrice":24.06},"salesUnit":"Styck","comparativePriceText":"","comparativePrice":67.38,"comparativePriceData":{"b2cPrice":67.38,"b2bPrice":60.16},"articleSold":false,"deposit":0.0,"depositData":{"b2cPrice":0.0,"b2bPrice":0.0},"vat":{"code":"vat-full-2","value":12.0,"type":"Percentage"},"animalFoodData":{},"fromSweden":false,"availableOnline":true,"isMagazine":false,"nutrientBasis":{},"originCountry":{"code":"SWEDEN","value":"Sverige"},"replacementCountries":[],"class":"Klass 1","pharmaceuticalData":{"isPharmaceutical":false},"sustainabilityInfo":[{"productScore":[{"score":4.0,"param":"Biologisk mångfald","paramId":"biodiversity"},{"score":1.0,"param":"Klimat","paramId":"climate"},{"score":3.0,"param":"Bördighet","paramId":"soil_fertility"},{"score":1.0,"param":"Vatten","paramId":"water"},{"score":2.0,"param":"Bekämpningsmedel","paramId":"pesticides"},{"score":3.0,"param":"Övergödning","paramId":"eutrophication"},{"score":null,"param":"Djuromsorg och antibiotika","paramId":"animal_welfare_antibiotics"},{"score":1.0,"param":"Arbetsförhållanden","paramId":"working_conditions"},{"score":1.0,"param":"Lokalbefolkning","paramId":"local_population"},{"score":1.0,"param":"Lagefterlevnad och spårbarhet","paramId":"compliance_traceability"}]}],"sustainabilityInfoApplicable":true},{"id":"2317462000003","type":"Product","ean":"2317462000003","name":"Spetskål","description":"Produkten varierar något i storlek och vikt. När du handlar hos oss visar vi en uppskattad vikt för varan och ett pris baserat på kilopriset. Ni debiteras efter vi plockat ihop era varor den verkliga vikten.<br> Vi garanterar att du alltid betalar för varans verkliga vikt.kt.","imageUrl":"http://res.cloudinary.com/coopsverige/image/upload/v1426508336/21671.jpg","navCategories":[{"code":"334458","name":"Kål","superCategories":[{"code":"32361","name":"Grönsaker","superCategories":[{"code":"16534","name":"Frukt & Grönsaker","superCategories":[]}]}]}],"packageSize":1000.0,"packageSizeInformation":"1000 gram ungefärlig vikt","packageSizeUnit":"gram ungefärlig vikt","pieceWeight":1.0,"salesPrice":34.95,"salesPriceData":{"b2cPrice":34.95,"b2bPrice":31.21},"piecePrice":34.95,"piecePriceData":{"b2cPrice":34.95,"b2bPrice":31.21},"salesUnit":"Vikt","comparativePriceText":"kr/kg","comparativePriceUnit":{"unit":"kg","text":"kr/kg"},"comparativePrice":34.95,"comparativePriceData":{"b2cPrice":34.95,"b2bPrice":31.21},"articleSold":false,"deposit":0.0,"depositData":{"b2cPrice":0.0,"b2bPrice":0.0},"vat":{"code":"vat-full-2","value":12.0,"type":"Percentage"},"animalFoodData":{},"fromSweden":false,"availableOnline":true,"isMagazine":false,"nutrientBasis":{},"originCountry":{"code":"GERMANY","value":"Tyskland"},"replacementCountries":[],"class":"Klass 1","pharmaceuticalData":{"isPharmaceutical":false},"sustainabilityInfo":[{"productScore":[{"score":2.0,"param":"Biologisk mångfald","paramId":"biodiversity"},{"score":1.0,"param":"Klimat","paramId":"climate"},{"score":2.5,"param":"Bördighet","paramId":"soil_fertility"},{"score":1.5,"param":"Vatten","paramId":"water"},{"score":2.0,"param":"Bekämpningsmedel","paramId":"pesticides"},{"score":2.0,"param":"Övergödning","paramId":"eutrophication"},{"score":null,"param":"Djuromsorg och antibiotika","paramId":"animal_welfare_antibiotics"},{"score":1.0,"param":"Arbetsförhållanden","paramId":"working_conditions"},{"score":1.5,"param":"Lokalbefolkning","paramId":"local_population"},{"score":1.0,"param":"Lagefterlevnad och spårbarhet","paramId":"compliance_traceability"}]}],"sustainabilityInfoApplicable":true},{"id":"7300170040893","type":"Product","ean":"7300170040893","name":"Rädisor Knippe","imageUrl":"http://res.cloudinary.com/coopsverige/image/upload/v1440064153/49858.tiff","navCategories":[{"code":"32426","name":"Övriga Grönsaker","superCategories":[{"code":"32361","name":"Grönsaker","superCategories":[{"code":"16534","name":"Frukt & Grönsaker","superCategories":[]}]}]}],"packageSize":160.0,"packageSizeInformation":"160 gram ungefärlig vikt","packageSizeUnit":"gram ungefärlig vikt","pieceWeight":0.16,"salesPrice":14.95,"salesPriceData":{"b2cPrice":14.95,"b2bPrice":13.35},"piecePrice":14.95,"piecePriceData":{"b2cPrice":14.95,"b2bPrice":13.35},"salesUnit":"Styck","comparativePriceText":"kr/kg","comparativePriceUnit":{"unit":"kg","text":"kr/kg"},"comparativePrice":93.44,"comparativePriceData":{"b2cPrice":93.44,"b2bPrice":83.43},"articleSold":false,"deposit":0.0,"depositData":{"b2cPrice":0.0,"b2bPrice":0.0},"vat":{"code":"vat-full-2","value":12.0,"type":"Percentage"},"animalFoodData":{},"onlinePromotions":[{"id":"016001_36106","price":25.0,"priceData":{"b2cPrice":25.0,"b2bPrice":22.32},"startDate":"2025-08-31T22:00:00Z","endDate":"2025-09-07T22:00:00Z","message":"RÄDISOR 2 FÖR 25 KR-2 för 25:-","type":"MULTI_BUY_FIXED_PRICE","numberOfProductRequired":2,"medMeraRequired":false,"priority":910,"comparativePrice":{"b2cPrice":78.13,"b2bPrice":69.76},"higherThanHistoricalPrice":false}],"fromSweden":false,"availableOnline":true,"isMagazine":false,"nutrientBasis":{},"originCountry":{"code":"THE NETHERLANDS","value":"Nederländerna"},"replacementCountries":[],"class":"Klass 1","pharmaceuticalData":{"isPharmaceutical":false},"sustainabilityInfoApplicable":true},{"id":"2317305100006","type":"Product","ean":"2317305100006","name":"Vitkål Färsk","imageUrl":"http://res.cloudinary.com/coopsverige/image/upload/v1625748274/cloud/230686.jpg","navCategories":[{"code":"334458","name":"Kål","superCategories":[{"code":"32361","name":"Grönsaker","superCategories":[{"code":"16534","name":"Frukt & Grönsaker","superCategories":[]}]}]}],"packageSize":1500.0,"packageSizeInformation":"1500 gram ungefärlig vikt","packageSizeUnit":"gram ungefärlig vikt","pieceWeight":1.5,"salesPrice":15.0,"salesPriceData":{"b2cPrice":15.0,"b2bPrice":13.39},"piecePrice":22.5,"piecePriceData":{"b2cPrice":22.5,"b2bPrice":20.09},"salesUnit":"Vikt","comparativePriceText":"kr/kg","comparativePriceUnit":{"unit":"kg","text":"kr/kg"},"comparativePrice":15.0,"comparativePriceData":{"b2cPrice":15.0,"b2bPrice":13.39},"articleSold":false,"deposit":0.0,"depositData":{"b2cPrice":0.0,"b2bPrice":0.0},"vat":{"code":"vat-full-2","value":12.0,"type":"Percentage"},"animalFoodData":{},"fromSweden":false,"availableOnline":true,"isMagazine":false,"nutrientBasis":{},"originCountry":{"code":"SWEDEN","value":"Sverige"},"replacementCountries":[],"class":"Klass 1","pharmaceuticalData":{"isPharmaceutical":false},"sustainabilityInfo":[{"productScore":[{"score":2.5,"param":"Biologisk mångfald","paramId":"biodiversity"},{"score":1.0,"param":"Klimat","paramId":"climate"},{"score":2.0,"param":"Bördighet","paramId":"soil_fertility"},{"score":2.0,"param":"Vatten","paramId":"water"},{"score":2.0,"param":"Bekämpningsmedel","paramId":"pesticides"},{"score":2.0,"param":"Övergödning","paramId":"eutrophication"},{"score":null,"param":"Djuromsorg och antibiotika","paramId":"animal_welfare_antibiotics"},{"score":4.0,"param":"Arbetsförhållanden","paramId":"working_conditions"},{"score":3.5,"param":"Lokalbefolkning","paramId":"local_population"},{"score":2.5,"param":"Lagefterlevnad och spårbarhet","paramId":"compliance_traceability"}]}],"sustainabilityInfoApplicable":true},{"id":"7300156598790","type":"Product","ean":"7300156598790","name":"Rucola","manufacturerName":"Coop","description":"Rucola. Sköljd och färdiga att ätas.","imageUrl":"http://res.cloudinary.com/coopsverige/image/upload/v1730104727/cloud/397267.tiff","listOfIngredients":"Ingredienser: Rucola 100%","navCategories":[{"code":"334460","name":"Färdigskuret","superCategories":[{"code":"32361","name":"Grönsaker","superCategories":[{"code":"16534","name":"Frukt & Grönsaker","superCategories":[]}]}]}],"accreditedTags":[{"code":"GLOBAL_GAP"},{"code":"GRASP"}],"maxStorageTemperature":"4","packageSize":65.0,"packageSizeInformation":"65 g","packageSizeUnit":"Gram","salesPrice":14.95,"salesPriceData":{"b2cPrice":14.95,"b2bPrice":13.35},"piecePrice":14.95,"piecePriceData":{"b2cPrice":14.95,"b2bPrice":13.35},"salesUnit":"Styck","comparativePriceText":"kr/kg","comparativePriceUnit":{"unit":"kg","text":"kr/kg"},"comparativePrice":230.0,"comparativePriceData":{"b2cPrice":230.0,"b2bPrice":205.36},"articleSold":false,"deposit":0.0,"depositData":{"b2cPrice":0.0,"b2bPrice":0.0},"vat":{"code":"vat-full-2","value":12.0,"type":"Percentage"},"nutrientLinks":[{"amount":["28"],"description":"Energi","unit":"Kilokalori"},{"amount":["115"],"description":"Energi","unit":"Kilojoule"},{"amount":["0.7"],"description":"Fett","unit":"Gram"},{"amount":["0.1"],"description":"Varav mättat fett","unit":"Gram"},{"amount":["2"],"description":"Kolhydrat","unit":"Gram"},{"amount":["0.9"],"description":"Varav sockerarter","unit":"Gram"},{"amount":["2.6"],"description":"Protein","unit":"Gram"},{"amount":["0.2"],"description":"Salt","unit":"Gram"}],"animalFoodData":{},"fromSweden":false,"availableOnline":true,"countryOfOriginCodes":[{"code":"752","value":"Sverige"}],"isMagazine":false,"nutrientBasis":{"quantity":100.0},"originCountry":{"code":"SWEDEN","value":"Sverige"},"replacementCountries":[],"pharmaceuticalData":{"isPharmaceutical":false},"nutrientInformation":[{"header":{"nutrientBasisQuantity":100.0,"nutrientBasisQuantityType":"BY_MEASURE","nutrientBasisQuantityUnit":{"code":"GRM","value":"Gram"}}}],"regulatedArticleDescription":"Rucola 65gr","sustainabilityInfoApplicable":true},{"id":"2317461200008","type":"Product","ean":"2317461200008","name":"Ingefära","description":"Produkten varierar något i storlek och vikt. När du handlar hos oss visar vi en uppskattad vikt för varan och ett pris baserat på kilopriset. Ni debiteras efter vi plockat ihop era varor den verkliga vikten.<br> Vi garanterar att du alltid betalar för varans verkliga vikt.","imageUrl":"http://res.cloudinary.com/coopsverige/image/upload/v1445541322/80968.tiff","navCategories":[{"code":"32426","name":"Övriga Grönsaker","superCategories":[{"code":"32361","name":"Grönsaker","superCategories":[{"code":"16534","name":"Frukt & Grönsaker","superCategories":[]}]}]}],"packageSizeInformation":"","pieceWeight":1.0,"salesPrice":59.95,"salesPriceData":{"b2cPrice":59.95,"b2bPrice":53.53},"piecePrice":59.95,"piecePriceData":{"b2cPrice":59.95,"b2bPrice":53.53},"salesUnit":"Vikt","comparativePriceText":"kr/kg","comparativePriceUnit":{"unit":"kg","text":"kr/kg"},"comparativePrice":59.95,"comparativePriceData":{"b2cPrice":59.95,"b2bPrice":53.53},"articleSold":false,"deposit":0.0,"depositData":{"b2cPrice":0.0,"b2bPrice":0.0},"vat":{"code":"vat-full-2","value":12.0,"type":"Percentage"},"animalFoodData":{},"variances":[{"code":"ca100g_2317461200008","name":"Ca 100 g","quantity":0.1,"unit":"kilogram","price":6.0,"priceData":{"b2cPrice":6.0,"b2bPrice":5.36}},{"code":"ca200g_2317461200008","name":"Ca 200 g","quantity":0.2,"unit":"kilogram","price":11.99,"priceData":{"b2cPrice":11.99,"b2bPrice":10.71}},{"code":"ca400g_2317461200008","name":"Ca 400 g","quantity":0.4,"unit":"kilogram","price":23.98,"priceData":{"b2cPrice":23.98,"b2bPrice":21.41}}],"fromSweden":false,"availableOnline":true,"isMagazine":false,"nutrientBasis":{},"originCountry":{"code":"CHINA","value":"Kina"},"replacementCountries":[],"class":"Klass 1","sustainabilityInfo":[{"productScore":[{"score":2.0,"param":"Biologisk mångfald","paramId":"biodiversity"},{"score":1.0,"param":"Klimat","paramId":"climate"},{"score":2.0,"param":"Bördighet","paramId":"soil_fertility"},{"score":2.0,"param":"Vatten","paramId":"water"},{"score":2.0,"param":"Bekämpningsmedel","paramId":"pesticides"},{"score":2.0,"param":"Övergödning","paramId":"eutrophication"},{"score":null,"param":"Djuromsorg och antibiotika","paramId":"animal_welfare_antibiotics"},{"score":5.0,"param":"Arbetsförhållanden","paramId":"working_conditions"},{"score":4.0,"param":"Lokalbefolkning","paramId":"local_population"},{"score":5.0,"param":"Lagefterlevnad och spårbarhet","paramId":"compliance_traceability"}]}],"sustainabilityInfoApplicable":true},{"id":"7300156599490","type":"Product","ean":"7300156599490","name":"Äpple 4-pack Eko","manufacturerName":"Änglamark","imageUrl":"http://res.cloudinary.com/coopsverige/image/upload/v1742204635/cloud/454496.jpg","navCategories":[{"code":"32486","name":"Äpple","superCategories":[{"code":"32484","name":"Frukt & bär","superCategories":[{"code":"16534","name":"Frukt & Grönsaker","superCategories":[]}]}]}],"packageSizeInformation":"4 st","salesPrice":31.95,"salesPriceData":{"b2cPrice":31.95,"b2bPrice":28.53},"piecePrice":31.95,"piecePriceData":{"b2cPrice":31.95,"b2bPrice":28.53},"salesUnit":"Styck","comparativePriceText":"kr/kg","comparativePriceUnit":{"unit":"kg","text":"kr/kg"},"comparativePrice":63.9,"comparativePriceData":{"b2cPrice":63.9,"b2bPrice":57.05},"articleSold":false,"deposit":0.0,"depositData":{"b2cPrice":0.0,"b2bPrice":0.0},"vat":{"code":"vat-full-2","value":12.0,"type":"Percentage"},"animalFoodData":{},"fromSweden":false,"availableOnline":true,"isMagazine":false,"nutrientBasis":{},"originCountry":{"code":"SWEDEN","value":"Sverige"},"replacementCountries":[],"variety":"Sankt olof","class":"Klass 1","pharmaceuticalData":{"isPharmaceutical":false},"sustainabilityInfoApplicable":true},{"id":"7300156598820","type":"Product","ean":"7300156598820","name":"Säsongsmix","manufacturerName":"Coop","description":"Salladsblandning av Rucola, Mache, späd Mangold, späda röda blad. Sköljd och färdig att äta.","imageUrl":"http://res.cloudinary.com/coopsverige/image/upload/v1730104742/cloud/397268.tiff","listOfIngredients":"Ingredienser: Rucola 30 %, Mâche 20 %, röd Mangold 25%, röda blad 25 %.","navCategories":[{"code":"334460","name":"Färdigskuret","superCategories":[{"code":"32361","name":"Grönsaker","superCategories":[{"code":"16534","name":"Frukt & Grönsaker","superCategories":[]}]}]}],"accreditedTags":[{"code":"GRASP"}],"maxStorageTemperature":"4","packageSize":65.0,"packageSizeInformation":"65 g","packageSizeUnit":"Gram","salesPrice":14.95,"salesPriceData":{"b2cPrice":14.95,"b2bPrice":13.35},"piecePrice":14.95,"piecePriceData":{"b2cPrice":14.95,"b2bPrice":13.35},"salesUnit":"Styck","comparativePriceText":"kr/kg","comparativePriceUnit":{"unit":"kg","text":"kr/kg"},"comparativePrice":230.0,"comparativePriceData":{"b2cPrice":230.0,"b2bPrice":205.36},"articleSold":false,"deposit":0.0,"depositData":{"b2cPrice":0.0,"b2bPrice":0.0},"vat":{"code":"vat-full-2","value":12.0,"type":"Percentage"},"nutrientLinks":[{"amount":["17"],"description":"Energi","unit":"Kilokalori"},{"amount":["73"],"description":"Energi","unit":"Kilojoule"},{"amount":["0.3"],"description":"Fett","unit":"Gram"},{"amount":["0.1"],"description":"Varav mättat fett","unit":"Gram"},{"amount":["0.7"],"description":"Kolhydrat","unit":"Gram"},{"amount":["0.2"],"description":"Varav sockerarter","unit":"Gram"},{"amount":["2.5"],"description":"Protein","unit":"Gram"},{"amount":["0.17"],"description":"Salt","unit":"Gram"}],"animalFoodData":{},"fromSweden":false,"availableOnline":true,"countryOfOriginCodes":[{"code":"752","value":"Sverige"}],"isMagazine":false,"nutrientBasis":{"quantity":100.0},"originCountry":{"code":"SWEDEN","value":"Sverige"},"replacementCountries":[],"pharmaceuticalData":{"isPharmaceutical":false},"nutrientInformation":[{"header":{"nutrientBasisQuantity":100.0,"nutrientBasisQuantityType":"BY_MEASURE","nutrientBasisQuantityUnit":{"code":"GRM","value":"Gram"}}}],"regulatedArticleDescription":"Säsongsmix 65gr","sustainabilityInfoApplicable":true},{"id":"7340011309765","type":"Product","ean":"7340011309765","name":"Morötter Eko","manufacturerName":"Änglamark","imageUrl":"http://res.cloudinary.com/coopsverige/image/upload/v1537172233/350348.tiff","navCategories":[{"code":"32470","name":"Morötter","superCategories":[{"code":"32361","name":"Grönsaker","superCategories":[{"code":"16534","name":"Frukt & Grönsaker","superCategories":[]}]}]}],"accreditedTags":[{"code":"NYCKELHALET","description":"Nyckelhålet","imageUrl":"https://res.cloudinary.com/coopsverige/image/upload/v1618910221/cooponline/Labels%27/nyckelhal_RGB.png","priority":240},{"code":"EU_ORGANIC_FARMING","description":"EU Lövet","imageUrl":"https://res.cloudinary.com/coopsverige/image/upload/cooponline/produktmarkning/EUOrganicFarmingLogo.jpg","priority":180},{"code":"KRAV_MARK","description":"KRAV","imageUrl":"https://res.cloudinary.com/coopsverige/image/upload/v1750847718/cooponline/Icons/2025/krav-logo_z2ptpn.png","priority":100}],"packageSize":1000.0,"packageSizeInformation":"1 kg","packageSizeUnit":"Gram","salesPrice":24.95,"salesPriceData":{"b2cPrice":24.95,"b2bPrice":22.28},"piecePrice":24.95,"piecePriceData":{"b2cPrice":24.95,"b2bPrice":22.28},"promotionPrice":15.0,"promotionPriceData":{"b2cPrice":15.0,"b2bPrice":13.39},"salesUnit":"Styck","comparativePriceText":"kr/kg","comparativePriceUnit":{"unit":"kg","text":"kr/kg"},"comparativePrice":24.95,"comparativePriceData":{"b2cPrice":24.95,"b2bPrice":22.28},"articleSold":false,"deposit":0.0,"depositData":{"b2cPrice":0.0,"b2bPrice":0.0},"vat":{"code":"vat-full-2","value":12.0,"type":"Percentage"},"animalFoodData":{},"onlinePromotions":[{"id":"016001_136580","price":15.0,"priceData":{"b2cPrice":15.0,"b2bPrice":13.39},"piecePrice":15.0,"piecePriceData":{"b2cPrice":15.0,"b2bPrice":13.39},"startDate":"2025-08-31T22:00:00Z","endDate":"2025-09-07T22:00:00Z","message":"Morötter Eko-15:- /st","type":"FIXED_PRICE","medMeraRequired":false,"priority":930,"comparativePrice":{"b2cPrice":15.0,"b2bPrice":13.39},"higherThanHistoricalPrice":false},{"id":"016001_136704","price":15.0,"priceData":{"b2cPrice":15.0,"b2bPrice":13.39},"piecePrice":15.0,"piecePriceData":{"b2cPrice":15.0,"b2bPrice":13.39},"startDate":"2025-08-31T22:00:00Z","endDate":"2025-09-07T22:00:00Z","message":"Morötter Eko-15:- /st","type":"FIXED_PRICE","medMeraRequired":false,"priority":930,"comparativePrice":{"b2cPrice":15.0,"b2bPrice":13.39},"higherThanHistoricalPrice":false}],"fromSweden":false,"availableOnline":true,"isMagazine":false,"nutrientBasis":{},"originCountry":{"code":"SWEDEN","value":"Sverige"},"replacementCountries":[],"class":"Klass 1","pharmaceuticalData":{"isPharmaceutical":false},"sustainabilityInfoApplicable":true},{"id":"7300156503619","type":"Product","ean":"7300156503619","name":"Vitkål Strimlad","manufacturerName":"Coop","description":"Strimlad vitkål, snitt 3mm Kan innehålla spår av andra grönsaker","imageUrl":"http://res.cloudinary.com/coopsverige/image/upload/v1730104898/cloud/397278.tiff","listOfIngredients":"Ingredienser: Vitkål 100 %","navCategories":[{"code":"334460","name":"Färdigskuret","superCategories":[{"code":"32361","name":"Grönsaker","superCategories":[{"code":"16534","name":"Frukt & Grönsaker","superCategories":[]}]}]}],"maxStorageTemperature":"4.00","packageSize":400.0,"packageSizeInformation":"400 g","packageSizeUnit":"Gram","salesPrice":14.95,"salesPriceData":{"b2cPrice":14.95,"b2bPrice":13.35},"piecePrice":14.95,"piecePriceData":{"b2cPrice":14.95,"b2bPrice":13.35},"salesUnit":"Styck","comparativePriceText":"kr/kg","comparativePriceUnit":{"unit":"kg","text":"kr/kg"},"comparativePrice":37.38,"comparativePriceData":{"b2cPrice":37.38,"b2bPrice":33.38},"articleSold":false,"deposit":0.0,"depositData":{"b2cPrice":0.0,"b2bPrice":0.0},"vat":{"code":"vat-full-2","value":12.0,"type":"Percentage"},"nutrientLinks":[{"amount":["123.0000"],"description":"Energi","unit":"Kilojoule"},{"amount":["30.0000"],"description":"Energi","unit":"Kilokalori"},{"amount":["0.1000"],"description":"Fett","unit":"Gram"},{"amount":["0"],"description":"Varav mättat fett","unit":"Gram"},{"amount":["5.7000"],"description":"Kolhydrat","unit":"Gram"},{"amount":["5.7000"],"description":"Varav sockerarter","unit":"Gram"},{"amount":["1.1000"],"description":"Protein","unit":"Gram"},{"amount":["0"],"description":"Salt","unit":"Gram"}],"animalFoodData":{},"fromSweden":false,"availableOnline":true,"countryOfOriginCodes":[{"code":"752","value":"Sverige"}],"isMagazine":false,"nutrientBasis":{"quantity":100.0},"originCountry":{"code":"GERMANY","value":"Tyskland"},"replacementCountries":[{"code":"SWEDEN","value":"Sverige"}],"class":"Klass 1","pharmaceuticalData":{"isPharmaceutical":false},"nutrientInformation":[{"header":{"nutrientBasisQuantity":100.0,"nutrientBasisQuantityUnit":{"code":"GRM","value":"Gram"}}}],"sustainabilityInfo":[{"productScore":[{"score":2.0,"param":"Biologisk mångfald","paramId":"biodiversity"},{"score":1.0,"param":"Klimat","paramId":"climate"},{"score":2.0,"param":"Bördighet","paramId":"soil_fertility"},{"score":2.0,"param":"Vatten","paramId":"water"},{"score":2.0,"param":"Bekämpningsmedel","paramId":"pesticides"},{"score":2.0,"param":"Övergödning","paramId":"eutrophication"},{"score":null,"param":"Djuromsorg och antibiotika","paramId":"animal_welfare_antibiotics"},{"score":1.5,"param":"Arbetsförhållanden","paramId":"working_conditions"},{"score":1.0,"param":"Lokalbefolkning","paramId":"local_population"},{"score":1.0,"param":"Lagefterlevnad och spårbarhet","paramId":"compliance_traceability"}]}],"sustainabilityInfoApplicable":true},{"id":"7300170040671","type":"Product","ean":"7300170040671","name":"Zucchini Grön","imageUrl":"http://res.cloudinary.com/coopsverige/image/upload/v1440064127/49852.tiff","navCategories":[{"code":"334461","name":"Zucchini & Aubergine","superCategories":[{"code":"32361","name":"Grönsaker","superCategories":[{"code":"16534","name":"Frukt & Grönsaker","superCategories":[]}]}]}],"packageSize":400.0,"packageSizeInformation":"400 gram ungefärlig vikt","packageSizeUnit":"gram ungefärlig vikt","pieceWeight":0.4,"salesPrice":13.95,"salesPriceData":{"b2cPrice":13.95,"b2bPrice":12.46},"piecePrice":13.95,"piecePriceData":{"b2cPrice":13.95,"b2bPrice":12.46},"salesUnit":"Styck","comparativePriceText":"kr/kg","comparativePriceUnit":{"unit":"kg","text":"kr/kg"},"comparativePrice":39.3,"comparativePriceData":{"b2cPrice":39.3,"b2bPrice":35.09},"articleSold":false,"deposit":0.0,"depositData":{"b2cPrice":0.0,"b2bPrice":0.0},"vat":{"code":"vat-full-2","value":12.0,"type":"Percentage"},"animalFoodData":{},"fromSweden":false,"availableOnline":true,"isMagazine":false,"nutrientBasis":{},"originCountry":{"code":"THE NETHERLANDS","value":"Nederländerna"},"replacementCountries":[],"class":"Klass 1","pharmaceuticalData":{"isPharmaceutical":false},"sustainabilityInfoApplicable":true}]}}
---
{"results":{"count":200,"facets":[{"name":"brand","items":[{"item":"COOP","count":46,"selected":false},{"item":"Änglamark","count":32,"selected":false},{"item":"Dole","count":3,"selected":false},{"item":"Andreas Uppgård","count":2,"selected":false},{"item":"Steglinge","count":1,"selected":false},{"item":"SydGrönt","count":1,"selected":false},{"item":"Xtra","count":1,"selected":false}]},{"name":"environmentalLabels","items":[{"item":"Ekologiskt","count":39,"selected":false},{"item":"KRAV","count":33,"selected":false},{"item":"Nyckelhålet","count":17,"selected":false},{"item":"Svenskt ursprung","count":4,"selected":false},{"item":"Lokalt","count":2,"selected":false}]}],"items":[{"id":"7300156595720","type":"Product","ean":"7300156595720","name":"Zucchini","manufacturerName":"COOP","imageUrl":"http://res.cloudinary.com/coopsverige/image/upload/v1675158076/cloud/273050.jpg","navCategories":[{"code":"334461","name":"Zucchini & Aubergine","superCategories":[{"code":"32361","name":"Grönsaker","superCategories":[{"code":"16534","name":"Frukt & Grönsaker","superCategories":[]}]}]}],"packageSize":360.0,"packageSizeInformation":"360 g","packageSizeUnit":"Gram","salesPrice":11.95,"salesPriceData":{"b2cPrice":11.95,"b2bPrice":10.67},"piecePrice":11.95,"piecePriceData":{"b2cPrice":11.95,"b2bPrice":10.67},"salesUnit":"Styck","comparativePriceText":"kr/kg","comparativePriceUnit":{"unit":"kg","text":"kr/kg"},"comparativePrice":33.66,"comparativePriceData":{"b2cPrice":33.66,"b2bPrice":30.05},"articleSold":false,"deposit":0.0,"depositData":{"b2cPrice":0.0,"b2bPrice":0.0},"vat":{"code":"vat-full-2","value":12.0,"type":"Percentage"},"animalFoodData":{},"fromSweden":false,"availableOnline":true,"isMagazine":false,"nutrientBasis":{},"originCountry":{"code":"SPAIN","value":"Spanien"},"replacementCountries":[],"class":"Klass 1","pharmaceuticalData":{"isPharmaceutical":false},"sustainabilityInfoApplicable":true},{"id":"7300156462954","type":"Product","ean":"7300156462954","name":"Spenat","manufacturerName":"Coop","description":"Hela blad av teen-spenatSköljd och färdig att ätas.","imageUrl":"http://res.cloudinary.com/coopsverige/image/upload/v1730807154/cloud/399832.tiff","listOfIngredients":"Ingredienser: Spenat 100 %","navCategories":[{"code":"334460","name":"Färdigskuret","superCategories":[{"code":"32361","name":"Grönsaker","superCategories":[{"code":"16534","name":"Frukt & Grönsaker","superCategories":[]}]}]}],"maxStorageTemperature":"8","packageSize":200.0,"packageSizeInformation":"200 g ","packageSizeUnit":"Gram","salesPrice":17.95,"salesPriceData":{"b2cPrice":17.95,"b2bPrice":16.03},"piecePrice":17.95,"piecePriceData":{"b2cPrice":17.95,"b2bPrice":16.03},"salesUnit":"Styck","comparativePriceText":"kr/kg","comparativePriceUnit":{"unit":"kg","text":"kr/kg"},"comparativePrice":89.75,"comparativePriceData":{"b2cPrice":89.75,"b2bPrice":80.13},"articleSold":false,"deposit":0.0,"depositData":{"b2cPrice":0.0,"b2bPrice":0.0},"vat":{"code":"vat-full-2","value":12.0,"type":"Percentage"},"nutrientLinks":[{"amount":["24"],"description":"Energi","unit":"Kilokalori"},{"amount":["101"],"description":"Energi","unit":"Kilojoule"},{"amount":["0.4"],"description":"Fett","unit":"Gram"},{"amount":["0.1"],"description":"Varav mättat fett","unit":"Gram"},{"amount":["0.8"],"description":"Kolhydrat","unit":"Gram"},{"amount":["0.3"],"description":"Varav sockerarter","unit":"Gram"},{"amount":["3.3"],"description":"Protein","unit":"Gram"},{"amount":["0.3"],"description":"Salt","unit":"Gram"}],"animalFoodData":{},"fromSweden":false,"availableOnline":true,"countryOfOriginCodes":[{"code":"752","value":"Sverige"}],"isMagazine":false,"nutrientBasis":{"quantity":100.0},"originCountry":{"code":"SPAIN","value":"Spanien"},"replacementCountries":[{"code":"ITALY","value":"Italien"}],"pharmaceuticalData":{"isPharmaceutical":false},"nutrientInformation":[{"header":{"nutrientBasisQuantity":100.0,"nutrientBasisQuantityUnit":{"code":"GRM","value":"Gram"}}}],"sustainabilityInfo":[{"productScore":[{"score":4.0,"param":"Biologisk mångfald","paramId":"biodiversity"},{"score":2.0,"param":"Klimat","paramId":"climate"},{"score":3.0,"param":"Bördighet","paramId":"soil_fertility"},{"score":1.0,"param":"Vatten","paramId":"water"},{"score":2.0,"param":"Bekämpningsmedel","paramId":"pesticides"},{"score":3.0,"param":"Övergödning","paramId":"eutrophication"},{"score":null,"param":"Djuromsorg och antibiotika","paramId":"animal_welfare_antibiotics"},{"score":1.0,"param":"Arbetsförhållanden","paramId":"working_conditions"},{"score":1.0,"param":"Lokalbefolkning","paramId":"local_population"},{"score":1.0,"param":"Lagefterlevnad och spårbarhet","paramId":"compliance_traceability"}]}],"regulatedArticleDescription":"Spenat 200g","sustainabilityInfoApplicable":true},{"id":"7300156598783","type":"Product","ean":"7300156598783","name":"Krispig Kålmix","manufacturerName":"Coop","description":"Krispig Kålmix, skuren, tvättad mix av vitkål, rödkål, morötter och grönkål. Kan innehålla spår av andra grönsaker","imageUrl":"http://res.cloudinary.com/coopsverige/image/upload/v1730104716/cloud/397266.tiff","listOfIngredients":"Vitkål 30%, rödkål 30%, morötter 27%, grönkål 13 %","navCategories":[{"code":"334460","name":"Färdigskuret","superCategories":[{"code":"32361","name":"Grönsaker","superCategories":[{"code":"16534","name":"Frukt & Grönsaker","superCategories":[]}]}]}],"maxStorageTemperature":"4","packageSize":300.0,"packageSizeInformation":"300 g","packageSizeUnit":"Gram","salesPrice":22.95,"salesPriceData":{"b2cPrice":22.95,"b2bPrice":20.49},"piecePrice":22.95,"piecePriceData":{"b2cPrice":22.95,"b2bPrice":20.49},"salesUnit":"Styck","comparativePriceText":"kr/kg","comparativePriceUnit":{"unit":"kg","text":"kr/kg"},"comparativePrice":76.5,"comparativePriceData":{"b2cPrice":76.5,"b2bPrice":68.3},"articleSold":false,"deposit":0.0,"depositData":{"b2cPrice":0.0,"b2bPrice":0.0},"vat":{"code":"vat-full-2","value":12.0,"type":"Percentage"},"nutrientLinks":[{"amount":["31"],"description":"Energi","unit":"Kilokalori"},{"amount":["129"],"description":"Energi","unit":"Kilojoule"},{"amount":["0"],"description":"Fett","unit":"Gram"},{"amount":["0"],"description":"Varav mättat fett","unit":"Gram"},{"amount":["0"],"description":"Varav enkelomättat fett","unit":"Gram"},{"amount":["0"],"description":"Varav fleromättat fett","unit":"Gram"},{"amount":["5"],"description":"Kolhydrat","unit":"Gram"},{"amount":["1.3"],"description":"Varav sockerarter","unit":"Gram"},{"amount":["2.7"],"description":"Fiber","unit":"Gram"},{"amount":["1.3"],"description":"Protein","unit":"Gram"},{"amount":["0.04"],"description":"Salt","unit":"Gram"}],"animalFoodData":{},"fromSweden":false,"availableOnline":true,"countryOfOriginCodes":[{"code":"752","value":"Sverige"}],"isMagazine":false,"nutrientBasis":{"quantity":100.0},"originCountry":{"code":"SWEDEN","value":"Sverige"},"replacementCountries":[{"code":"THE NETHERLANDS","value":"Nederländerna"},{"code":"GERMANY","value":"Tyskland"},{"code":"SPAIN","value":"Spanien"}],"pharmaceuticalData":{"isPharmaceutical":false},"nutrientInformation":[{"header":{"nutrientBasisQuantity":100.0,"nutrientBasisQuantityType":"BY_MEASURE","nutrientBasisQuantityUnit":{"code":"GRM","value":"Gram"}}}],"regulatedArticleDescription":"Krispig Kålmix 4x300gr","sustainabilityInfoApplicable":true},{"id":"7300170029973","type":"Product","ean":"7300170029973","name":"Passionsfrukt","imageUrl":"http://res.cloudinary.com/coopsverige/image/upload/v1445542961/81227.tiff","navCategories":[{"code":"334466","name":"Övrig exotisk frukt","superCategories":[{"code":"32484","name":"Frukt & bär","superCategories":[{"code":"16534","name":"Frukt & Grönsaker","superCategories":[]}]}]}],"packageSize":50.0,"packageSizeInformation":"50 gram ungefärlig vikt","packageSizeUnit":"gram ungefärlig vikt","pieceWeight":0.05,"salesPrice":9.95,"salesPriceData":{"b2cPrice":9.95,"b2bPrice":8.88},"piecePrice":9.95,"piecePriceData":{"b2cPrice":9.95,"b2bPrice":8.88},"salesUnit":"Styck","comparativePriceText":"kr/kg","comparativePriceUnit":{"unit":"kg","text":"kr/kg"},"comparativePrice":199.0,"comparativePriceData":{"b2cPrice":199.0,"b2bPrice":177.68},"articleSold":false,"deposit":0.0,"depositData":{"b2cPrice":0.0,"b2bPrice":0.0},"vat":{"code":"vat-full-2","value":12.0,"type":"Percentage"},"animalFoodData":{},"onlinePromotions":[{"id":"016001_36108","price":15.0,"priceData":{"b2cPrice":15.0,"b2bPrice":13.39},"startDate":"2025-08-31T22:00:00Z","endDate":"2025-09-07T22:00:00Z","message":"PASSION 2 FÖR 15 KR-2 för 15:-","type":"MULTI_BUY_FIXED_PRICE","numberOfProductRequired":2,"medMeraRequired":false,"priority":910,"comparativePrice":{"b2cPrice":150.0,"b2bPrice":133.93},"higherThanHistoricalPrice":false}],"fromSweden":false,"availableOnline":true,"isMagazine":false,"nutrientBasis":{},"originCountry":{"code":"COLOMBIA","value":"Colombia"},"replacementCountries":[],"class":"Klass 1","pharmaceuticalData":{"isPharmaceutical":false},"sustainabilityInfoApplicable":true},{"id":"7300156598813","type":"Product","ean":"7300156598813","name":"Mâche","manufacturerName":"Coop","description":"Mâche sallat. Sköljd och färdig att ätas.","imageUrl":"http://res.cloudinary.com/coopsverige/image/upload/v1730104851/cloud/397275.tiff","listOfIngredients":"Ingredienser: Mâche sallat 100%","navCategories":[{"code":"334460","name":"Färdigskuret","superCategories":[{"code":"32361","name":"Grönsaker","superCategories":[{"code":"16534","name":"Frukt & Grönsaker","superCategories":[]}]}]}],"accreditedTags":[{"code":"GLOBAL_GAP"},{"code":"GRASP"}],"maxStorageTemperature":"4","packageSize":65.0,"packageSizeInformation":"65 g","packageSizeUnit":"Gram","salesPrice":14.95,"salesPriceData":{"b2cPrice":14.95,"b2bPrice":13.35},"piecePrice":14.95,"piecePriceData":{"b2cPrice":14.95,"b2bPrice":13.35},"salesUnit":"Styck","comparativePriceText":"kr/kg","comparativePriceUnit":{"unit":"kg","text":"kr/kg"},"comparativePrice":230.0,"comparativePriceData":{"b2cPrice":230.0,"b2bPrice":205.36},"articleSold":false,"deposit":0.0,"depositData":{"b2cPrice":0.0,"b2bPrice":0.0},"vat":{"code":"vat-full-2","value":12.0,"type":"Percentage"},"nutrientLinks":[{"amount":["21"],"description":"Energi","unit":"Kilokalori"},{"amount":["88"],"description":"Energi","unit":"Kilojoule"},{"amount":["0.4"],"description":"Fett","unit":"Gram"},{"amount":["0"],"description":"Varav mättat fett","unit":"Gram"},{"amount":["3.6"],"description":"Kolhydrat","unit":"Gram"},{"amount":["0"],"description":"Varav sockerarter","unit":"Gram"},{"amount":["2"],"description":"Protein","unit":"Gram"},{"amount":["0.2"],"description":"Salt","unit":"Gram"}],"animalFoodData":{},"fromSweden":false,"availableOnline":true,"countryOfOriginCodes":[{"code":"752","value":"Sverige"}],"isMagazine":false,"nutrientBasis":{"quantity":100.0},"originCountry":{"code":"SWEDEN","value":"Sverige"},"replacementCountries":[],"pharmaceuticalData":{"isPharmaceutical":false},"nutrientInformation":[{"header":{"nutrientBasisQuantity":100.0,"nutrientBasisQuantityType":"BY_MEASURE","nutrientBasisQuantityUnit":{"code":"GRM","value":"Gram"}}}],"regulatedArticleDescription":"Mâche 65gr","sustainabilityInfoApplicable":true},{"id":"7300156577504","type":"Product","ean":"7300156577504","name":"Potatis Fast","manufacturerName":"COOP","imageUrl":"http://res.cloudinary.com/coopsverige/image/upload/v1738326057/cloud/430361.jpg","navCategories":[{"code":"32466","name":"Potatis","superCategories":[{"code":"32361","name":"Grönsaker","superCategories":[{"code":"16534","name":"Frukt & Grönsaker","superCategories":[]}]}]}],"packageSize":900.0,"packageSizeInformation":"900 g","packageSizeUnit":"Gram","salesPrice":16.95,"salesPriceData":{"b2cPrice":16.95,"b2bPrice":15.13},"piecePrice":16.95,"piecePriceData":{"b2cPrice":16.95,"b2bPrice":15.13},"salesUnit":"Styck","comparativePriceText":"kr/kg","comparativePriceUnit":{"unit":"kg","text":"kr/kg"},"comparativePrice":18.83,"comparativePriceData":{"b2cPrice":18.83,"b2bPrice":16.81},"articleSold":false,"deposit":0.0,"depositData":{"b2cPrice":0.0,"b2bPrice":0.0},"vat":{"code":"vat-full-2","value":12.0,"type":"Percentage"},"animalFoodData":{},"fromSweden":false,"availableOnline":true,"isMagazine":false,"nutrientBasis":{},"originCountry":{"code":"SWEDEN","value":"Sverige"},"replacementCountries":[],"class":"Klass 1","pharmaceuticalData":{"isPharmaceutical":false},"sustainabilityInfo":[{"productScore":[{"score":4.0,"param":"Biologisk mångfald","paramId":"biodiversity"},{"score":1.0,"param":"Klimat","paramId":"climate"},{"score":3.0,"param":"Bördighet","paramId":"soil_fertility"},{"score":1.0,"param":"Vatten","paramId":"water"},{"score":2.0,"param":"Bekämpningsmedel","paramId":"pesticides"},{"score":3.0,"param":"Övergödning","paramId":"eutrophication"},{"score":null,"param":"Djuromsorg och antibiotika","paramId":"animal_welfare_antibiotics"},{"score":1.0,"param":"Arbetsförhållanden","paramId":"working_conditions"},{"score":1.0,"param":"Lokalbefolkning","paramId":"local_population"},{"score":1.0,"param":"Lagefterlevnad och spårbarhet","paramId":"compliance_traceability"}]}],"sustainabilityInfoApplicable":true},{"id":"2317456900005","type":"Product","ean":"2317456900005","name":"Blomkål","description":"Produkten varierar något i storlek och vikt. När du handlar hos oss visar vi en uppskattad vikt för varan och ett pris baserat på kilopriset. Ni debiteras efter vi plockat ihop era varor den verkliga vikten.<br> Vi garanterar att du alltid betalar för varans verkliga vikt.","imageUrl":"http://res.cloudinary.com/coopsverige/image/upload/v1440062723/49622.tiff","navCategories":[{"code":"334457","name":"Blomkål & Broccoli","superCategories":[{"code":"32361","name":"Grönsaker","superCategories":[{"code":"16534","name":"Frukt & Grönsaker","superCategories":[]}]}]}],"packageSize":950.0,"packageSizeInformation":"950 gram ungefärlig vikt","packageSizeUnit":"gram ungefärlig vikt","pieceWeight":0.95,"salesPrice":35.95,"salesPriceData":{"b2cPrice":35.95,"b2bPrice":32.1},"piecePrice":34.15,"piecePriceData":{"b2cPrice":34.15,"b2bPrice":30.49},"salesUnit":"Vikt","comparativePriceText":"kr/kg","comparativePriceUnit":{"unit":"kg","text":"kr/kg"},"comparativePrice":35.95,"comparativePriceData":{"b2cPrice":35.95,"b2bPrice":32.1},"articleSold":false,"deposit":0.0,"depositData":{"b2cPrice":0.0,"b2bPrice":0.0},"vat":{"code":"vat-full-2","value":12.0,"type":"Percentage"},"animalFoodData":{},"fromSweden":false,"availableOnline":true,"isMagazine":false,"nutrientBasis":{},"originCountry":{"code":"ITALY","value":"Italien"},"replacementCountries":[],"class":"Klass 1","pharmaceuticalData":{"isPharmaceutical":false},"sustainabilityInfo":[{"productScore":[{"score":2.0,"param":"Biologisk mångfald","paramId":"biodiversity"},{"score":1.0,"param":"Klimat","paramId":"climate"},{"score":1.5,"param":"Bördighet","paramId":"soil_fertility"},{"score":2.0,"param":"Vatten","paramId":"water"},{"score":2.0,"param":"Bekämpningsmedel","paramId":"pesticides"},{"score":2.0,"param":"Övergödning","paramId":"eutrophication"},{"score":null,"param":"Djuromsorg och antibiotika","paramId":"animal_welfare_antibiotics"},{"score":2.0,"param":"Arbetsförhållanden","paramId":"working_conditions"},{"score":2.0,"param":"Lokalbefolkning","paramId":"local_population"},{"score":2.0,"param":"Lagefterlevnad och spårbarhet","paramId":"compliance_traceability"}]}],"sustainabilityInfoApplicable":true},{"id":"7300156598837","type":"Product","ean":"7300156598837","name":"Småbladsmix","manufacturerName":"Coop","description":"Salladsblandning Rucola, Babyspenat, röda blad, röd mangold. Sköljd och färdig att äta.","imageUrl":"http://res.cloudinary.com/coopsverige/image/upload/v1730104867/cloud/397276.tiff","listOfIngredients":"Ingredienser: Rucola 30%, Babyspenat 30%, röda blad 20%, röd Mangold 20%.","navCategories":[{"code":"334460","name":"Färdigskuret","superCategories":[{"code":"32361","name":"Grönsaker","superCategories":[{"code":"16534","name":"Frukt & Grönsaker","superCategories":[]}]}]}],"accreditedTags":[{"code":"GLOBAL_GAP"},{"code":"GRASP"}],"maxStorageTemperature":"4","packageSize":65.0,"packageSizeInformation":"65 g","packageSizeUnit":"Gram","salesPrice":14.95,"salesPriceData":{"b2cPrice":14.95,"b2bPrice":13.35},"piecePrice":14.95,"piecePriceData":{"b2cPrice":14.95,"b2bPrice":13.35},"salesUnit":"Styck","comparativePriceText":"kr/kg","comparativePriceUnit":{"unit":"kg","text":"kr/kg"},"comparativePrice":230.0,"comparativePriceData":{"b2cPrice":230.0,"b2bPrice":205.36},"articleSold":false,"deposit":0.0,"depositData":{"b2cPrice":0.0,"b2bPrice":0.0},"vat":{"code":"vat-full-2","value":12.0,"type":"Percentage"},"nutrientLinks":[{"amount":["22"],"description":"Energi","unit":"Kilokalori"},{"amount":["92"],"description":"Energi","unit":"Kilojoule"},{"amount":["0.5"],"description":"Fett","unit":"Gram"},{"amount":["0.1"],"description":"Varav mättat fett","unit":"Gram"},{"amount":["1.3"],"description":"Kolhydrat","unit":"Gram"},{"amount":["0.5"],"description":"Varav sockerarter","unit":"Gram"},{"amount":["2.5"],"description":"Protein","unit":"Gram"},{"amount":["0.3"],"description":"Salt","unit":"Gram"}],"animalFoodData":{},"fromSweden":false,"availableOnline":true,"countryOfOriginCodes":[{"code":"752","value":"Sverige"}],"isMagazine":false,"nutrientBasis":{"quantity":100.0},"originCountry":{"code":"SWEDEN","value":"Sverige"},"replacementCountries":[],"pharmaceuticalData":{"isPharmaceutical":false},"nutrientInformation":[{"header":{"nutrientBasisQuantity":100.0,"nutrientBasisQuantityType":"BY_MEASURE","nutrientBasisQuantityUnit":{"code":"GRM","value":"Gram"}}}],"regulatedArticleDescription":"Småbladsmix 65gr","sustainabilityInfoApplicable":true},{"id":"7340007921629","type":"Product","ean":"7340007921629","name":"Aubergine","imageUrl":"http://res.cloudinary.com/coopsverige/image/upload/v1638889933/cloud/240638.jpg","navCategories":[{"code":"334461","name":"Zucchini & Aubergine","superCategories":[{"code":"32361","name":"Grönsaker","superCategories":[{"code":"16534","name":"Frukt & Grönsaker","superCategories":[]}]}]}],"packageSize":300.0,"packageSizeInformation":"300 g","packageSizeUnit":"Gram","salesPrice":15.95,"salesPriceData":{"b2cPrice":15.95,"b2bPrice":14.24},"piecePrice":15.95,"piecePriceData":{"b2cPrice":15.95,"b2bPrice":14.24},"salesUnit":"Styck","comparativePriceText":"kr/st","comparativePriceUnit":{"unit":"styck","text":"kr/st"},"comparativePrice":69.35,"comparativePriceData":{"b2cPrice":69.35,"b2bPrice":61.92},"articleSold":false,"deposit":0.0,"depositData":{"b2cPrice":0.0,"b2bPrice":0.0},"vat":{"code":"vat-full-2","value":12.0,"type":"Percentage"},"animalFoodData":{},"fromSweden":false,"availableOnline":true,"countryOfOriginCodes":[{"code":"724","value":"Spanien"}],"isMagazine":false,"nutrientBasis":{},"originCountry":{"code":"THE NETHERLANDS","value":"Nederländerna"},"replacementCountries":[],"class":"Klass 1","pharmaceuticalData":{"isPharmaceutical":false},"sustainabilityInfoApplicable":true},{"id":"7300156598851","type":"Product","ean":"7300156598851","name":"Grönkål","manufacturerName":"Coop","description":"Skuren grönkål. Sköljd och färdig att äta.","imageUrl":"http://res.cloudinary.com/coopsverige/image/upload/v1730104883/cloud/397277.tiff","listOfIngredients":"Ingredienser: Grönkål 100%","navCategories":[{"code":"334460","name":"Färdigskuret","superCategories":[{"code":"32361","name":"Grönsaker","superCategories":[{"code":"16534","name":"Frukt & Grönsaker","superCategories":[]}]}]}],"accreditedTags":[{"code":"GLOBAL_GAP"},{"code":"GRASP"}],"maxStorageTemperature":"4","packageSize":200.0,"packageSizeInformation":"200 g","packageSizeUnit":"Gram","salesPrice":24.95,"salesPriceData":{"b2cPrice":24.95,"b2bPrice":22.28},"piecePrice":24.95,"piecePriceData":{"b2cPrice":24.95,"b2bPrice":22.28},"salesUnit":"Styck","comparativePriceText":"kr/kg","comparativePriceUnit":{"unit":"kg","text":"kr/kg"},"comparativePrice":124.75,"comparativePriceData":{"b2cPrice":124.75,"b2bPrice":111.38},"articleSold":false,"deposit":0.0,"depositData":{"b2cPrice":0.0,"b2bPrice":0.0},"vat":{"code":"vat-full-2","value":12.0,"type":"Percentage"},"nutrientLinks":[{"amount":["50"],"description":"Energi","unit":"Kilokalori"},{"amount":["209"],"description":"Energi","unit":"Kilojoule"},{"amount":["0.7"],"description":"Fett","unit":"Gram"},{"amount":["0.1"],"description":"Varav mättat fett","unit":"Gram"},{"amount":["5.7"],"description":"Kolhydrat","unit":"Gram"},{"amount":["2.1"],"description":"Varav sockerarter","unit":"Gram"},{"amount":["3.3"],"description":"Protein","unit":"Gram"},{"amount":["0.1"],"description":"Salt","unit":"Gram"}],"animalFoodData":{},"fromSweden":false,"availableOnline":true,"countryOfOriginCodes":[{"code":"752","value":"Sverige"}],"isMagazine":false,"nutrientBasis":{"quantity":100.0},"originCountry":{"code":"SWEDEN","value":"Sverige"},"replacementCountries":[],"pharmaceuticalData":{"isPharmaceutical":false},"nutrientInformation":[{"header":{"nutrientBasisQuantity":100.0,"nutrientBasisQuantityType":"BY_MEASURE","nutrientBasisQuantityUnit":{"code":"GRM","value":"Gram"}}}],"sustainabilityInfoApplicable":true},{"id":"7300156577443","type":"Product","ean":"7300156577443","name":"Potatis","manufacturerName":"COOP","imageUrl":"http://res.cloudinary.com/coopsverige/image/upload/v1738326067/cloud/430363.jpg","navCategories":[{"code":"32466","name":"Potatis","superCategories":[{"code":"32361","name":"Grönsaker","superCategories":[{"code":"16534","name":"Frukt & Grönsaker","superCategories":[]}]}]}],"packageSize":900.0,"packageSizeInformation":"900 g","packageSizeUnit":"Gram","salesPrice":25.95,"salesPriceData":{"b2cPrice":25.95,"b2bPrice":23.17},"piecePrice":25.95,"piecePriceData":{"b2cPrice":25.95,"b2bPrice":23.17},"salesUnit":"Styck","comparativePriceText":"kr/kg","comparativePriceUnit":{"unit":"kg","text":"kr/kg"},"comparativePrice":28.83,"comparativePriceData":{"b2cPrice":28.83,"b2bPrice":25.74},"articleSold":false,"deposit":0.0,"depositData":{"b2cPrice":0.0,"b2bPrice":0.0},"vat":{"code":"vat-full-2","value":12.0,"type":"Percentage"},"animalFoodData":{},"fromSweden":false,"availableOnline":true,"isMagazine":false,"nutrientBasis":{},"originCountry":{"code":"SWEDEN","value":"Sverige"},"replacementCountries":[],"class":"Klass 1","pharmaceuticalData":{"isPharmaceutical":false},"sustainabilityInfoApplicable":true},{"id":"7300156577467","type":"Product","ean":"7300156577467","name":"Potatis Mandel","manufacturerName":"COOP","imageUrl":"http://res.cloudinary.com/coopsverige/image/upload/v1738326051/cloud/430360.jpg","navCategories":[{"code":"32466","name":"Potatis","superCategories":[{"code":"32361","name":"Grönsaker","superCategories":[{"code":"16534","name":"Frukt & Grönsaker","superCategories":[]}]}]}],"packageSize":900.0,"packageSizeInformation":"900 g","packageSizeUnit":"Gram","salesPrice":25.95,"salesPriceData":{"b2cPrice":25.95,"b2bPrice":23.17},"piecePrice":25.95,"piecePriceData":{"b2cPrice":25.95,"b2bPrice":23.17},"salesUnit":"Styck","comparativePriceText":"kr/kg","comparativePriceUnit":{"unit":"kg","text":"kr/kg"},"comparativePrice":28.83,"comparativePriceData":{"b2cPrice":28.83,"b2bPrice":25.74},"articleSold":false,"deposit":0.0,"depositData":{"b2cPrice":0.0,"b2bPrice":0.0},"vat":{"code":"vat-full-2","value":12.0,"type":"Percentage"},"animalFoodData":{},"fromSweden":false,"availableOnline":true,"isMagazine":false,"nutrientBasis":{},"originCountry":{"code":"SWEDEN","value":"Sverige"},"replacementCountries":[],"class":"Klass 1","pharmaceuticalData":{"isPharmaceutical":false},"sustainabilityInfoApplicable":true},{"id":"7340007912061","type":"Product","ean":"7340007912061","name":"Plommon 500 Gr","imageUrl":"http://res.cloudinary.com/coopsverige/image/upload/v1630914147/cloud/203288.tiff","navCategories":[{"code":"334452","name":"Övrig frukt","superCategories":[{"code":"32484","name":"Frukt & bär","superCategories":[{"code":"16534","name":"Frukt & Grönsaker","superCategories":[]}]}]}],"packageSize":500.0,"packageSizeInformation":"500g","packageSizeUnit":"Gram","salesPrice":29.95,"salesPriceData":{"b2cPrice":29.95,"b2bPrice":26.74},"piecePrice":29.95,"piecePriceData":{"b2cPrice":29.95,"b2bPrice":26.74},"salesUnit":"Styck","comparativePriceText":"kr/kg","comparativePriceUnit":{"unit":"kg","text":"kr/kg"},"comparativePrice":59.9,"comparativePriceData":{"b2cPrice":59.9,"b2bPrice":53.48},"articleSold":false,"deposit":0.0,"depositData":{"b2cPrice":0.0,"b2bPrice":0.0},"vat":{"code":"vat-full-2","value":12.0,"type":"Percentage"},"animalFoodData":{},"fromSweden":false,"availableOnline":true,"isMagazine":false,"nutrientBasis":{},"originCountry":{"code":"ITALY","value":"Italien"},"replacementCountries":[],"class":"Klass 1","pharmaceuticalData":{"isPharmaceutical":false},"sustainabilityInfoApplicable":true},{"id":"2317462800009","type":"Product","ean":"2317462800009","name":"Kålrabbi","description":"Produkten varierar något i storlek och vikt. När du handlar hos oss visar vi en uppskattad vikt för varan och ett pris baserat på kilopriset. Ni debiteras efter vi plockat ihop era varor den verkliga vikten.<br> Vi garanterar att du alltid betalar för varans verkliga vikt.","imageUrl":"http://res.cloudinary.com/coopsverige/image/upload/v1440063123/49681.tiff","navCategories":[{"code":"334458","name":"Kål","superCategories":[{"code":"32361","name":"Grönsaker","superCategories":[{"code":"16534","name":"Frukt & Grönsaker","superCategories":[]}]}]}],"packageSize":500.0,"packageSizeInformation":"500 gram ungefärlig vikt","packageSizeUnit":"gram ungefärlig vikt","pieceWeight":0.5,"salesPrice":39.95,"salesPriceData":{"b2cPrice":39.95,"b2bPrice":35.67},"piecePrice":19.98,"piecePriceData":{"b2cPrice":19.98,"b2bPrice":17.84},"salesUnit":"Vikt","comparativePriceText":"kr/kg","comparativePriceUnit":{"unit":"kg","text":"kr/kg"},"comparativePrice":39.95,"comparativePriceData":{"b2cPrice":39.95,"b2bPrice":35.67},"articleSold":false,"deposit":0.0,"depositData":{"b2cPrice":0.0,"b2bPrice":0.0},"vat":{"code":"vat-full-2","value":12.0,"type":"Percentage"},"animalFoodData":{},"fromSweden":false,"availableOnline":true,"isMagazine":false,"nutrientBasis":{},"originCountry":{"code":"ITALY","value":"Italien"},"replacementCountries":[],"class":"Klass 1","sustainabilityInfo":[{"productScore":[{"score":2.0,"param":"Biologisk mångfald","paramId":"biodiversity"},{"score":1.0,"param":"Klimat","paramId":"climate"},{"score":2.0,"param":"Bördighet","paramId":"soil_fertility"},{"score":2.0,"param":"Vatten","paramId":"water"},{"score":2.0,"param":"Bekämpningsmedel","paramId":"pesticides"},{"score":2.0,"param":"Övergödning","paramId":"eutrophication"},{"score":null,"param":"Djuromsorg och antibiotika","paramId":"animal_welfare_antibiotics"},{"score":2.0,"param":"Arbetsförhållanden","paramId":"working_conditions"},{"score":3.0,"param":"Lokalbefolkning","paramId":"local_population"},{"score":1.0,"param":"Lagefterlevnad och spårbarhet","paramId":"compliance_traceability"}]}],"sustainabilityInfoApplicable":true},{"id":"7300156506726","type":"Product","ean":"7300156506726","name":"Fruktlåda Bas","manufacturerName":"Coop","description":"Lådan innehåller ca 5kg blandad frukt. Innehållet kan variera efter säsong.","imageUrl":"http://res.cloudinary.com/coopsverige/image/upload/v1553078490/368538.jpg","listOfIngredients":"Innehåller: Bananer - Ecuador klass1 ,Äpplen royal gala - Italien klass1, Päron Santa maria/conference - Holland Klass 1, Citrusfrukt satsumas - Spanien klass1, Apelsiner - Spanien klass 1. Innehållet kan variera efter säsong.","navCategories":[{"code":"334450","name":"Fruktlådor","superCategories":[{"code":"32484","name":"Frukt & bär","superCategories":[{"code":"16534","name":"Frukt & Grönsaker","superCategories":[]}]}]}],"consumerInformationText":["Butikspackad"],"packageSize":5000.0,"packageSizeInformation":"5000 gram ungefärlig vikt","packageSizeUnit":"gram ungefärlig vikt","pieceWeight":5.0,"salesPrice":199.0,"salesPriceData":{"b2cPrice":199.0,"b2bPrice":177.68},"piecePrice":199.0,"piecePriceData":{"b2cPrice":199.0,"b2bPrice":177.68},"salesUnit":"Styck","comparativePriceText":"kr/kg","comparativePriceUnit":{"unit":"kg","text":"kr/kg"},"comparativePrice":39.8,"comparativePriceData":{"b2cPrice":39.8,"b2bPrice":35.54},"articleSold":false,"deposit":0.0,"depositData":{"b2cPrice":0.0,"b2bPrice":0.0},"vat":{"code":"vat-full-2","value":12.0,"type":"Percentage"},"animalFoodData":{},"fromSweden":false,"availableOnline":true,"isMagazine":false,"nutrientBasis":{},"pharmaceuticalData":{"isPharmaceutical":false},"sustainabilityInfoApplicable":true},{"id":"7300156583819","type":"Product","ean":"7300156583819","name":"Krispig Mix","manufacturerName":"Coop","description":"Frise 50%, mache 20%, äpple 10%, morot 10%, rädisa 10%.","imageUrl":"http://res.cloudinary.com/coopsverige/image/upload/v1730104814/cloud/397273.tiff","listOfIngredients":"Ingredienser: Frisé sallat 50%, mâche sallat 20%, äpple 10% (äpple, antioxidationsmedel E 302), morot 10%, rädisa 10%.","navCategories":[{"code":"334460","name":"Färdigskuret","superCategories":[{"code":"32361","name":"Grönsaker","superCategories":[{"code":"16534","name":"Frukt & Grönsaker","superCategories":[]}]}]}],"accreditedTags":[{"code":"GLOBAL_GAP"},{"code":"GRASP"}],"maxStorageTemperature":"4","packageSize":150.0,"packageSizeInformation":"150 g","packageSizeUnit":"Gram","salesPrice":24.95,"salesPriceData":{"b2cPrice":24.95,"b2bPrice":22.28},"piecePrice":24.95,"piecePriceData":{"b2cPrice":24.95,"b2bPrice":22.28},"salesUnit":"Styck","comparativePriceText":"kr/kg","comparativePriceUnit":{"unit":"kg","text":"kr/kg"},"comparativePrice":166.33,"comparativePriceData":{"b2cPrice":166.33,"b2bPrice":148.51},"articleSold":false,"deposit":0.0,"depositData":{"b2cPrice":0.0,"b2bPrice":0.0},"vat":{"code":"vat-full-2","value":12.0,"type":"Percentage"},"nutrientLinks":[{"amount":["22"],"description":"Energi","unit":"Kilokalori"},{"amount":["91"],"description":"Energi","unit":"Kilojoule"},{"amount":["0.2"],"description":"Fett","unit":"Gram"},{"amount":["0.1"],"description":"Varav mättat fett","unit":"Gram"},{"amount":["2.5"],"description":"Kolhydrat","unit":"Gram"},{"amount":["2.3"],"description":"Varav sockerarter","unit":"Gram"},{"amount":["1.6"],"description":"Protein","unit":"Gram"},{"amount":["0.1"],"description":"Salt","unit":"Gram"}],"animalFoodData":{},"fromSweden":false,"availableOnline":true,"countryOfOriginCodes":[{"code":"752","value":"Sverige"}],"isMagazine":false,"nutrientBasis":{"quantity":100.0},"originCountry":{"code":"SWEDEN","value":"Sverige"},"replacementCountries":[],"class":"Klass 1","pharmaceuticalData":{"isPharmaceutical":false},"nutrientInformation":[{"header":{"nutrientBasisQuantity":100.0,"nutrientBasisQuantityType":"BY_MEASURE","nutrientBasisQuantityUnit":{"code":"GRM","value":"Gram"}}}],"sustainabilityInfo":[{"productScore":[{"score":2.0,"param":"Biologisk mångfald","paramId":"biodiversity"},{"score":2.0,"param":"Klimat","paramId":"climate"},{"score":2.0,"param":"Bördighet","paramId":"soil_fertility"},{"score":2.0,"param":"Vatten","paramId":"water"},{"score":2.0,"param":"Bekämpningsmedel","paramId":"pesticides"},{"score":2.0,"param":"Övergödning","paramId":"eutrophication"},{"score":null,"param":"Djuromsorg och antibiotika","paramId":"animal_welfare_antibiotics"},{"score":1.5,"param":"Arbetsförhållanden","paramId":"working_conditions"},{"score":2.5,"param":"Lokalbefolkning","paramId":"local_population"},{"score":2.0,"param":"Lagefterlevnad och spårbarhet","paramId":"compliance_traceability"}]}],"regulatedArticleDescription":"Krispig mix 150gr","sustainabilityInfoApplicable":true},{"id":"2317455400001","type":"Product","ean":"2317455400001","name":"Rödkål","description":"Produkten varierar något i storlek och vikt. När du handlar hos oss visar vi en uppskattad vikt för varan och ett pris baserat på kilopriset. Ni debiteras efter vi plockat ihop era varor den verkliga vikten.<br> Vi garanterar att du alltid betalar för varans verkliga vikt.","imageUrl":"http://res.cloudinary.com/coopsverige/image/upload/v1440063093/49677.tiff","navCategories":[{"code":"334458","name":"Kål","superCategories":[{"code":"32361","name":"Grönsaker","superCategories":[{"code":"16534","name":"Frukt & Grönsaker","superCategories":[]}]}]}],"packageSize":2250.0,"packageSizeInformation":"2250 gram ungefärlig vikt","packageSizeUnit":"gram ungefärlig vikt","pieceWeight":2.25,"salesPrice":31.95,"salesPriceData":{"b2cPrice":31.95,"b2bPrice":28.53},"piecePrice":71.89,"piecePriceData":{"b2cPrice":71.89,"b2bPrice":64.19},"salesUnit":"Vikt","comparativePriceText":"kr/kg","comparativePriceUnit":{"unit":"kg","text":"kr/kg"},"comparativePrice":31.95,"comparativePriceData":{"b2cPrice":31.95,"b2bPrice":28.53},"articleSold":false,"deposit":0.0,"depositData":{"b2cPrice":0.0,"b2bPrice":0.0},"vat":{"code":"vat-full-2","value":12.0,"type":"Percentage"},"animalFoodData":{},"fromSweden":false,"availableOnline":true,"isMagazine":false,"nutrientBasis":{},"originCountry":{"code":"GERMANY","value":"Tyskland"},"replacementCountries":[],"class":"Klass 1","pharmaceuticalData":{"isPharmaceutical":false},"sustainabilityInfo":[{"productScore":[{"score":2.0,"param":"Biologisk mångfald","paramId":"biodiversity"},{"score":1.0,"param":"Klimat","paramId":"climate"},{"score":2.5,"param":"Bördighet","paramId":"soil_fertility"},{"score":1.5,"param":"Vatten","paramId":"water"},{"score":2.0,"param":"Bekämpningsmedel","paramId":"pesticides"},{"score":2.0,"param":"Övergödning","paramId":"eutrophication"},{"score":null,"param":"Djuromsorg och antibiotika","paramId":"animal_welfare_antibiotics"},{"score":1.0,"param":"Arbetsförhållanden","paramId":"working_conditions"},{"score":1.0,"param":"Lokalbefolkning","paramId":"local_population"},{"score":1.0,"param":"Lagefterlevnad och spårbarhet","paramId":"compliance_traceability"}]}],"sustainabilityInfoApplicable":true},{"id":"7300156594419","type":"Product","ean":"7300156594419","name":"Granatäpple","imageUrl":"http://res.cloudinary.com/coopsverige/image/upload/v1661258163/cloud/257234.tiff","navCategories":[{"code":"334452","name":"Övrig frukt","superCategories":[{"code":"32484","name":"Frukt & bär","superCategories":[{"code":"16534","name":"Frukt & Grönsaker","superCategories":[]}]}]}],"packageSize":300.0,"packageSizeInformation":"300 gram ungefärlig vikt","packageSizeUnit":"gram ungefärlig vikt","pieceWeight":0.3,"salesPrice":19.95,"salesPriceData":{"b2cPrice":19.95,"b2bPrice":17.81},"piecePrice":19.95,"piecePriceData":{"b2cPrice":19.95,"b2bPrice":17.81},"salesUnit":"Styck","comparativePriceText":"kr/kg","comparativePriceUnit":{"unit":"kg","text":"kr/kg"},"comparativePrice":66.5,"comparativePriceData":{"b2cPrice":66.5,"b2bPrice":59.38},"articleSold":false,"deposit":0.0,"depositData":{"b2cPrice":0.0,"b2bPrice":0.0},"vat":{"code":"vat-full-2","value":12.0,"type":"Percentage"},"animalFoodData":{},"fromSweden":false,"availableOnline":true,"isMagazine":false,"nutrientBasis":{},"originCountry":{"code":"SPAIN","value":"Spanien"},"replacementCountries":[],"class":"Klass 1","pharmaceuticalData":{"isPharmaceutical":false},"sustainabilityInfoApplicable":true},{"id":"7340007915079","type":"Product","ean":"7340007915079","name":"Svartkål 300Gr","imageUrl":"http://res.cloudinary.com/coopsverige/image/upload/v1646229725/cloud/248305.jpg","navCategories":[{"code":"334458","name":"Kål","superCategories":[{"code":"32361","name":"Grönsaker","superCategories":[{"code":"16534","name":"Frukt & Grönsaker","superCategories":[]}]}]}],"packageSize":300.0,"packageSizeInformation":"300 gram ungefärlig vikt","packageSizeUnit":"gram ungefärlig vikt","pieceWeight":0.3,"salesPrice":34.95,"salesPriceData":{"b2cPrice":34.95,"b2bPrice":31.21},"piecePrice":34.95,"piecePriceData":{"b2cPrice":34.95,"b2bPrice":31.21},"salesUnit":"Styck","comparativePriceText":"kr/kg","comparativePriceUnit":{"unit":"kg","text":"kr/kg"},"comparativePrice":116.5,"comparativePriceData":{"b2cPrice":116.5,"b2bPrice":104.02},"articleSold":false,"deposit":0.0,"depositData":{"b2cPrice":0.0,"b2bPrice":0.0},"vat":{"code":"vat-full-2","value":12.0,"type":"Percentage"},"animalFoodData":{},"fromSweden":false,"availableOnline":true,"isMagazine":false,"nutrientBasis":{},"originCountry":{"code":"SWEDEN","value":"Sverige"},"replacementCountries":[],"pharmaceuticalData":{"isPharmaceutical":false},"sustainabilityInfo":[{"productScore":[{"score":4.0,"param":"Biologisk mångfald","paramId":"biodiversity"},{"score":1.0,"param":"Klimat","paramId":"climate"},{"score":3.0,"param":"Bördighet","paramId":"soil_fertility"},{"score":1.0,"param":"Vatten","paramId":"water"},{"score":2.0,"param":"Bekämpningsmedel","paramId":"pesticides"},{"score":3.0,"param":"Övergödning","paramId":"eutrophication"},{"score":null,"param":"Djuromsorg och antibiotika","paramId":"animal_welfare_antibiotics"},{"score":2.0,"param":"Arbetsförhållanden","paramId":"working_conditions"},{"score":1.0,"param":"Lokalbefolkning","paramId":"local_population"},{"score":0.5,"param":"Lagefterlevnad och spårbarhet","paramId":"compliance_traceability"}]}],"sustainabilityInfoApplicable":true},{"id":"7300156585691","type":"Product","ean":"7300156585691","name":"Avokado i nät","manufacturerName":"COOP","imageUrl":"http://res.cloudinary.com/coopsverige/image/upload/v1593177363/402297.tiff","navCategories":[{"code":"334453","name":"Avokado","superCategories":[{"code":"32361","name":"Grönsaker","superCategories":[{"code":"16534","name":"Frukt & Grönsaker","superCategories":[]}]}]}],"packageSize":700.0,"packageSizeInformation":"700 g","packageSizeUnit":"Gram","salesPrice":32.95,"salesPriceData":{"b2cPrice":32.95,"b2bPrice":29.42},"piecePrice":32.95,"piecePriceData":{"b2cPrice":32.95,"b2bPrice":29.42},"salesUnit":"Styck","comparativePriceText":"kr/kg","comparativePriceUnit":{"unit":"kg","text":"kr/kg"},"comparativePrice":47.07,"comparativePriceData":{"b2cPrice":47.07,"b2bPrice":42.03},"articleSold":false,"deposit":0.0,"depositData":{"b2cPrice":0.0,"b2bPrice":0.0},"vat":{"code":"vat-full-2","value":12.0,"type":"Percentage"},"animalFoodData":{},"fromSweden":false,"availableOnline":true,"isMagazine":false,"nutrientBasis":{},"originCountry":{"code":"CHILE","value":"Chile"},"replacementCountries":[],"variety":"Hass","class":"Klass 1","pharmaceuticalData":{"isPharmaceutical":false},"sustainabilityInfoApplicable":true},{"id":"7300156577474","type":"Product","ean":"7300156577474","name":"Potatis Mjölig","manufacturerName":"COOP","imageUrl":"http://res.cloudinary.com/coopsverige/image/upload/v1699277256/cloud/298026.jpg","navCategories":[{"code":"32466","name":"Potatis","superCategories":[{"code":"32361","name":"Grönsaker","superCategories":[{"code":"16534","name":"Frukt & Grönsaker","superCategories":[]}]}]}],"packageSize":900.0,"packageSizeInformation":"900 g","packageSizeUnit":"Gram","salesPrice":16.95,"salesPriceData":{"b2cPrice":16.95,"b2bPrice":15.13},"piecePrice":16.95,"piecePriceData":{"b2cPrice":16.95,"b2bPrice":15.13},"salesUnit":"Styck","comparativePriceText":"kr/kg","comparativePriceUnit":{"unit":"kg","text":"kr/kg"},"comparativePrice":18.83,"comparativePriceData":{"b2cPrice":18.83,"b2bPrice":16.81},"articleSold":false,"deposit":0.0,"depositData":{"b2cPrice":0.0,"b2bPrice":0.0},"vat":{"code":"vat-full-2","value":12.0,"type":"Percentage"},"animalFoodData":{},"fromSweden":false,"availableOnline":true,"isMagazine":false,"nutrientBasis":{},"originCountry":{"code":"SWEDEN","value":"Sverige"},"replacementCountries":[],"class":"Klass 1","pharmaceuticalData":{"isPharmaceutical":false},"sustainabilityInfo":[{"productScore":[{"score":4.0,"param":"Biologisk mångfald","paramId":"biodiversity"},{"score":1.0,"param":"Klimat","paramId":"climate"},{"score":3.0,"param":"Bördighet","paramId":"soil_fertility"},{"score":1.0,"param":"Vatten","paramId":"water"},{"score":2.0,"param":"Bekämpningsmedel","paramId":"pesticides"},{"score":3.0,"param":"Övergödning","paramId":"eutrophication"},{"score":null,"param":"Djuromsorg och antibiotika","paramId":"animal_welfare_antibiotics"},{"score":1.0,"param":"Arbetsförhållanden","paramId":"working_conditions"},{"score":1.0,"param":"Lokalbefolkning","paramId":"local_population"},{"score":1.0,"param":"Lagefterlevnad och spårbarhet","paramId":"compliance_traceability"}]}],"sustainabilityInfoApplicable":true},{"id":"7300170043139","type":"Product","ean":"7300170043139","name":"Mango Mogen","imageUrl":"http://res.cloudinary.com/coopsverige/image/upload/v1633012135/cloud/23398.tiff","navCategories":[{"code":"334465","name":"Mango","superCategories":[{"code":"32484","name":"Frukt & bär","superCategories":[{"code":"16534","name":"Frukt & Grönsaker","superCategories":[]}]}]}],"packageSize":350.0,"packageSizeInformation":"330 g","packageSizeUnit":"Gram","salesPrice":17.95,"salesPriceData":{"b2cPrice":17.95,"b2bPrice":16.03},"piecePrice":17.95,"piecePriceData":{"b2cPrice":17.95,"b2bPrice":16.03},"salesUnit":"Styck","comparativePriceText":"","comparativePrice":75.61,"comparativePriceData":{"b2cPrice":75.61,"b2bPrice":67.51},"articleSold":false,"deposit":0.0,"depositData":{"b2cPrice":0.0,"b2bPrice":0.0},"vat":{"code":"vat-full-2","value":12.0,"type":"Percentage"},"animalFoodData":{},"fromSweden":false,"availableOnline":true,"isMagazine":false,"nutrientBasis":{},"originCountry":{"code":"BRAZIL","value":"Brasilien"},"replacementCountries":[],"variety":"Keitt","class":"Klass 1","pharmaceuticalData":{"isPharmaceutical":false},"sustainabilityInfoApplicable":true},{"id":"7300156493569","type":"Product","ean":"7300156493569","name":"Familjemix","manufacturerName":"Coop","imageUrl":"http://res.cloudinary.com/coopsverige/image/upload/v1730807161/cloud/399833.tiff","listOfIngredients":"Ingredienser/Ursprung : Ruccola 30 % - Italien, Baby spenat 30 % - Spanien, Röda blad 20 % - Italien, Röd mangold 20 % - Italien","navCategories":[{"code":"334460","name":"Färdigskuret","superCategories":[{"code":"32361","name":"Grönsaker","superCategories":[{"code":"16534","name":"Frukt & Grönsaker","superCategories":[]}]}]}],"packageSize":200.0,"packageSizeInformation":"200 g ","packageSizeUnit":"Gram","salesPrice":26.95,"salesPriceData":{"b2cPrice":26.95,"b2bPrice":24.06},"piecePrice":26.95,"piecePriceData":{"b2cPrice":26.95,"b2bPrice":24.06},"salesUnit":"Styck","comparativePriceText":"kr/kg","comparativePriceUnit":{"unit":"kg","text":"kr/kg"},"comparativePrice":134.75,"comparativePriceData":{"b2cPrice":134.75,"b2bPrice":120.31},"articleSold":false,"deposit":0.0,"depositData":{"b2cPrice":0.0,"b2bPrice":0.0},"vat":{"code":"vat-full-2","value":12.0,"type":"Percentage"},"animalFoodData":{},"fromSweden":false,"availableOnline":true,"countryOfOriginCodes":[{"code":"752","value":"Sverige"}],"isMagazine":false,"nutrientBasis":{},"originCountry":{"code":"SPAIN","value":"Spanien"},"replacementCountries":[{"code":"ITALY","value":"Italien"}],"pharmaceuticalData":{"isPharmaceutical":false},"sustainabilityInfo":[{"productScore":[{"score":2.0,"param":"Biologisk mångfald","paramId":"biodiversity"},{"score":2.0,"param":"Klimat","paramId":"climate"},{"score":2.0,"param":"Bördighet","paramId":"soil_fertility"},{"score":2.0,"param":"Vatten","paramId":"water"},{"score":2.0,"param":"Bekämpningsmedel","paramId":"pesticides"},{"score":2.0,"param":"Övergödning","paramId":"eutrophication"},{"score":null,"param":"Djuromsorg och antibiotika","paramId":"animal_welfare_antibiotics"},{"score":1.5,"param":"Arbetsförhållanden","paramId":"working_conditions"},{"score":2.5,"param":"Lokalbefolkning","paramId":"local_population"},{"score":2.0,"param":"Lagefterlevnad och spårbarhet","paramId":"compliance_traceability"}]}],"sustainabilityInfoApplicable":true},{"id":"2339305000001","type":"Product","ean":"2339305000001","name":"Vitkål Eko","description":"Produkten varierar något i storlek och vikt. När du handlar hos oss visar vi en uppskattad vikt för varan och ett pris baserat på kilopriset. Ni debiteras efter vi plockat ihop era varor den verkliga vikten.<br> Vi garanterar att du alltid betalar för varans verkliga vikt.","imageUrl":"http://res.cloudinary.com/coopsverige/image/upload/v1440063364/49719.tiff","navCategories":[{"code":"334458","name":"Kål","superCategories":[{"code":"32361","name":"Grönsaker","superCategories":[{"code":"16534","name":"Frukt & Grönsaker","superCategories":[]}]}]}],"packageSize":2000.0,"packageSizeInformation":"2000 gram ungefärlig vikt","packageSizeUnit":"gram ungefärlig vikt","pieceWeight":2.0,"salesPrice":34.95,"salesPriceData":{"b2cPrice":34.95,"b2bPrice":31.21},"piecePrice":69.9,"piecePriceData":{"b2cPrice":69.9,"b2bPrice":62.41},"salesUnit":"Vikt","comparativePriceText":"kr/kg","comparativePriceUnit":{"unit":"kg","text":"kr/kg"},"comparativePrice":34.95,"comparativePriceData":{"b2cPrice":34.95,"b2bPrice":31.21},"articleSold":false,"deposit":0.0,"depositData":{"b2cPrice":0.0,"b2bPrice":0.0},"vat":{"code":"vat-full-2","value":12.0,"type":"Percentage"},"animalFoodData":{},"fromSweden":false,"availableOnline":true,"isMagazine":false,"nutrientBasis":{},"originCountry":{"code":"GERMANY","value":"Tyskland"},"replacementCountries":[],"class":"Klass 1","sustainabilityInfo":[{"productScore":[{"score":2.5,"param":"Biologisk mångfald","paramId":"biodiversity"},{"score":1.0,"param":"Klimat","paramId":"climate"},{"score":1.5,"param":"Bördighet","paramId":"soil_fertility"},{"score":1.5,"param":"Vatten","paramId":"water"},{"score":2.0,"param":"Bekämpningsmedel","paramId":"pesticides"},{"score":2.5,"param":"Övergödning","paramId":"eutrophication"},{"score":null,"param":"Djuromsorg och antibiotika","paramId":"animal_welfare_antibiotics"},{"score":2.0,"param":"Arbetsförhållanden","paramId":"working_conditions"},{"score":1.0,"param":"Lokalbefolkning","paramId":"local_population"},{"score":0.5,"param":"Lagefterlevnad och spårbarhet","paramId":"compliance_traceability"}]}],"sustainabilityInfoApplicable":true},{"id":"7300150031514","type":"Product","ean":"7300150031514","name":"Vardagsmix","manufacturerName":"Coop","description":"Salladsmix: Lollo Rosso 25 %, Frissé 25 %, Ruccola 25 %,  Rosé 25 % Sköljd och färdig att ätas.","imageUrl":"http://res.cloudinary.com/coopsverige/image/upload/v1733404188/cloud/414130.tiff","listOfIngredients":"Ingredienser: Lollo Rosso 25 %, Frissé 25 %, Ruccola 25 %,  Rosé 25 %","navCategories":[{"code":"334460","name":"Färdigskuret","superCategories":[{"code":"32361","name":"Grönsaker","superCategories":[{"code":"16534","name":"Frukt & Grönsaker","superCategories":[]}]}]}],"maxStorageTemperature":"8","packageSize":125.0,"packageSizeInformation":"125 g","packageSizeUnit":"Gram","salesPrice":19.95,"salesPriceData":{"b2cPrice":19.95,"b2bPrice":17.81},"piecePrice":19.95,"piecePriceData":{"b2cPrice":19.95,"b2bPrice":17.81},"salesUnit":"Styck","comparativePriceText":"kr/kg","comparativePriceUnit":{"unit":"kg","text":"kr/kg"},"comparativePrice":159.6,"comparativePriceData":{"b2cPrice":159.6,"b2bPrice":142.5},"articleSold":false,"deposit":0.0,"depositData":{"b2cPrice":0.0,"b2bPrice":0.0},"vat":{"code":"vat-full-2","value":12.0,"type":"Percentage"},"nutrientLinks":[{"amount":["19.5"],"description":"Energi","unit":"Kilokalori"},{"amount":["81.5"],"description":"Energi","unit":"Kilojoule"},{"amount":["0.4"],"description":"Fett","unit":"Gram"},{"amount":["0"],"description":"Varav mättat fett","unit":"Gram"},{"amount":["2.6"],"description":"Kolhydrat","unit":"Gram"},{"amount":["0.6"],"description":"Varav sockerarter","unit":"Gram"},{"amount":["1.5"],"description":"Protein","unit":"Gram"},{"amount":["0.3"],"description":"Salt","unit":"Gram"}],"animalFoodData":{},"fromSweden":false,"availableOnline":true,"countryOfOriginCodes":[{"code":"752","value":"Sverige"}],"isMagazine":false,"nutrientBasis":{"quantity":100.0},"originCountry":{"code":"SWEDEN","value":"Sverige"},"replacementCountries":[],"pharmaceuticalData":{"isPharmaceutical":false},"nutrientInformation":[{"header":{"nutrientBasisQuantity":100.0,"nutrientBasisQuantityType":"BY_MEASURE","nutrientBasisQuantityUnit":{"code":"GRM","value":"Gram"}}}],"sustainabilityInfo":[{"productScore":[{"score":2.0,"param":"Biologisk mångfald","paramId":"biodiversity"},{"score":2.0,"param":"Klimat","paramId":"climate"},{"score":2.0,"param":"Bördighet","paramId":"soil_fertility"},{"score":2.0,"param":"Vatten","paramId":"water"},{"score":2.0,"param":"Bekämpningsmedel","paramId":"pesticides"},{"score":2.0,"param":"Övergödning","paramId":"eutrophication"},{"score":null,"param":"Djuromsorg och antibiotika","paramId":"animal_welfare_antibiotics"},{"score":1.5,"param":"Arbetsförhållanden","paramId":"working_conditions"},{"score":2.5,"param":"Lokalbefolkning","paramId":"local_population"},{"score":2.0,"param":"Lagefterlevnad och spårbarhet","paramId":"compliance_traceability"}]}],"regulatedArticleDescription":"Vardagsmix 125g","sustainabilityInfoApplicable":true},{"id":"7340007900334","type":"Product","ean":"7340007900334","name":"Plommon Gula","imageUrl":"http://res.cloudinary.com/coopsverige/image/upload/v1680530125/cloud/278557.tiff","navCategories":[{"code":"334452","name":"Övrig frukt","superCategories":[{"code":"32484","name":"Frukt & bär","superCategories":[{"code":"16534","name":"Frukt & Grönsaker","superCategories":[]}]}]}],"packageSize":500.0,"packageSizeInformation":"500 gram ungefärlig vikt","packageSizeUnit":"gram ungefärlig vikt","pieceWeight":0.5,"salesPrice":29.95,"salesPriceData":{"b2cPrice":29.95,"b2bPrice":26.74},"piecePrice":29.95,"piecePriceData":{"b2cPrice":29.95,"b2bPrice":26.74},"salesUnit":"Styck","comparativePriceText":"kr/kg","comparativePriceUnit":{"unit":"kg","text":"kr/kg"},"comparativePrice":59.9,"comparativePriceData":{"b2cPrice":59.9,"b2bPrice":53.48},"articleSold":false,"deposit":0.0,"depositData":{"b2cPrice":0.0,"b2bPrice":0.0},"vat":{"code":"vat-full-2","value":12.0,"type":"Percentage"},"animalFoodData":{},"fromSweden":false,"availableOnline":true,"isMagazine":false,"nutrientBasis":{},"originCountry":{"code":"ITALY","value":"Italien"},"replacementCountries":[],"class":"Klass 1","pharmaceuticalData":{"isPharmaceutical":false},"sustainabilityInfo":[{"productScore":[{"score":2.0,"param":"Biologisk mångfald","paramId":"biodiversity"},{"score":2.0,"param":"Klimat","paramId":"climate"},{"score":2.0,"param":"Bördighet","paramId":"soil_fertility"},{"score":2.0,"param":"Vatten","paramId":"water"},{"score":2.0,"param":"Bekämpningsmedel","paramId":"pesticides"},{"score":2.0,"param":"Övergödning","paramId":"eutrophication"},{"score":null,"param":"Djuromsorg och antibiotika","paramId":"animal_welfare_antibiotics"},{"score":2.5,"param":"Arbetsförhållanden","paramId":"working_conditions"},{"score":4.0,"param":"Lokalbefolkning","paramId":"local_population"},{"score":3.0,"param":"Lagefterlevnad och spårbarhet","paramId":"compliance_traceability"}]}],"sustainabilityInfoApplicable":true},{"id":"7300156598769","type":"Product","ean":"7300156598769","name":"Babyspenat Eko","manufacturerName":"Änglamark","description":"Ekologisk babyspenat. Sköljd och färdig att ätas.","imageUrl":"http://res.cloudinary.com/coopsverige/image/upload/v1730104939/cloud/397281.tiff","listOfIngredients":"Ekologisk spenat 100%","navCategories":[{"code":"334460","name":"Färdigskuret","superCategories":[{"code":"32361","name":"Grönsaker","superCategories":[{"code":"16534","name":"Frukt & Grönsaker","superCategories":[]}]}]}],"accreditedTags":[{"code":"NYCKELHALET","description":"Nyckelhålet","imageUrl":"https://res.cloudinary.com/coopsverige/image/upload/v1618910221/cooponline/Labels%27/nyckelhal_RGB.png","priority":240},{"code":"EU_ORGANIC_FARMING","description":"EU Lövet","imageUrl":"https://res.cloudinary.com/coopsverige/image/upload/cooponline/produktmarkning/EUOrganicFarmingLogo.jpg","priority":180},{"code":"KRAV_MARK","description":"KRAV","imageUrl":"https://res.cloudinary.com/coopsverige/image/upload/v1750847718/cooponline/Icons/2025/krav-logo_z2ptpn.png","priority":100}],"maxStorageTemperature":"4","packageSize":65.0,"packageSizeInformation":"65 g","packageSizeUnit":"Gram","salesPrice":16.95,"salesPriceData":{"b2cPrice":16.95,"b2bPrice":15.13},"piecePrice":16.95,"piecePriceData":{"b2cPrice":16.95,"b2bPrice":15.13},"salesUnit":"Styck","comparativePriceText":"kr/kg","comparativePriceUnit":{"unit":"kg","text":"kr/kg"},"comparativePrice":260.77,"comparativePriceData":{"b2cPrice":260.77,"b2bPrice":232.83},"articleSold":false,"deposit":0.0,"depositData":{"b2cPrice":0.0,"b2bPrice":0.0},"vat":{"code":"vat-full-2","value":12.0,"type":"Percentage"},"nutrientLinks":[{"amount":["24"],"description":"Energi","unit":"Kilokalori"},{"amount":["101"],"description":"Energi","unit":"Kilojoule"},{"amount":["0.4"],"description":"Fett","unit":"Gram"},{"amount":["0.1"],"description":"Varav mättat fett","unit":"Gram"},{"amount":["0"],"description":"Varav enkelomättat fett","unit":"Gram"},{"amount":["0"],"description":"Varav fleromättat fett","unit":"Gram"},{"amount":["0.8"],"description":"Kolhydrat","unit":"Gram"},{"amount":["0.3"],"description":"Varav sockerarter","unit":"Gram"},{"amount":["3.3"],"description":"Protein","unit":"Gram"},{"amount":["0.3"],"description":"Salt","unit":"Gram"}],"animalFoodData":{},"fromSweden":false,"availableOnline":true,"countryOfOriginCodes":[{"code":"752","value":"Sverige"}],"isMagazine":false,"nutrientBasis":{"quantity":100.0},"originCountry":{"code":"SWEDEN","value":"Sverige"},"replacementCountries":[],"pharmaceuticalData":{"isPharmaceutical":false},"nutrientInformation":[{"header":{"nutrientBasisQuantity":100.0,"nutrientBasisQuantityType":"BY_MEASURE","nutrientBasisQuantityUnit":{"code":"GRM","value":"Gram"}}}],"sustainabilityInfoApplicable":true},{"id":"7340007929595","type":"Product","ean":"7340007929595","name":"Druvor Mix","description":"Röda druvor Timco, Gröna druvor Autumn Crisp, Blå druvor Melody.","imageUrl":"http://res.cloudinary.com/coopsverige/image/upload/v1727261232/cloud/389212.jpg","navCategories":[{"code":"32494","name":"Druvor","superCategories":[{"code":"32484","name":"Frukt & bär","superCategories":[{"code":"16534","name":"Frukt & Grönsaker","superCategories":[]}]}]}],"packageSizeInformation":"750 g","salesPrice":49.95,"salesPriceData":{"b2cPrice":49.95,"b2bPrice":44.6},"piecePrice":49.95,"piecePriceData":{"b2cPrice":49.95,"b2bPrice":44.6},"salesUnit":"Styck","comparativePriceText":"kr/kg","comparativePriceUnit":{"unit":"kg","text":"kr/kg"},"comparativePrice":66.6,"comparativePriceData":{"b2cPrice":66.6,"b2bPrice":59.46},"articleSold":false,"deposit":0.0,"depositData":{"b2cPrice":0.0,"b2bPrice":0.0},"vat":{"code":"vat-full-2","value":12.0,"type":"Percentage"},"animalFoodData":{},"fromSweden":false,"availableOnline":true,"isMagazine":false,"nutrientBasis":{},"originCountry":{"code":"SPAIN","value":"Spanien"},"replacementCountries":[],"variety":"Timco/Autumn Crisp/Melody","class":"Klass 1","pharmaceuticalData":{"isPharmaceutical":false},"sustainabilityInfoApplicable":true},{"id":"2317305300000","type":"Product","ean":"2317305300000","name":"Palsternacka","description":"Produkten varierar något i storlek och vikt. När du handlar hos oss visar vi en uppskattad vikt för varan och ett pris baserat på kilopriset. Ni debiteras efter vi plockat ihop era varor den verkliga vikten.<br> Vi garanterar att du alltid betalar för varans verkliga vikt.","imageUrl":"http://res.cloudinary.com/coopsverige/image/upload/v1440062509/49586.tiff","navCategories":[{"code":"32472","name":"Övriga Rotfrukter","superCategories":[{"code":"32361","name":"Grönsaker","superCategories":[{"code":"16534","name":"Frukt & Grönsaker","superCategories":[]}]}]}],"packageSize":200.0,"packageSizeInformation":"200 gram ungefärlig vikt","packageSizeUnit":"gram ungefärlig vikt","pieceWeight":0.2,"salesPrice":34.95,"salesPriceData":{"b2cPrice":34.95,"b2bPrice":31.21},"piecePrice":6.99,"piecePriceData":{"b2cPrice":6.99,"b2bPrice":6.24},"salesUnit":"Vikt","comparativePriceText":"kr/kg","comparativePriceUnit":{"unit":"kg","text":"kr/kg"},"comparativePrice":34.95,"comparativePriceData":{"b2cPrice":34.95,"b2bPrice":31.21},"articleSold":false,"deposit":0.0,"depositData":{"b2cPrice":0.0,"b2bPrice":0.0},"vat":{"code":"vat-full-2","value":12.0,"type":"Percentage"},"animalFoodData":{},"fromSweden":false,"availableOnline":true,"isMagazine":false,"nutrientBasis":{},"originCountry":{"code":"SWEDEN","value":"Sverige"},"replacementCountries":[],"class":"Klass 1","sustainabilityInfo":[{"productScore":[{"score":4.0,"param":"Biologisk mångfald","paramId":"biodiversity"},{"score":1.0,"param":"Klimat","paramId":"climate"},{"score":3.0,"param":"Bördighet","paramId":"soil_fertility"},{"score":1.0,"param":"Vatten","paramId":"water"},{"score":2.0,"param":"Bekämpningsmedel","paramId":"pesticides"},{"score":3.0,"param":"Övergödning","paramId":"eutrophication"},{"score":null,"param":"Djuromsorg och antibiotika","paramId":"animal_welfare_antibiotics"},{"score":2.0,"param":"Arbetsförhållanden","paramId":"working_conditions"},{"score":1.0,"param":"Lokalbefolkning","paramId":"local_population"},{"score":0.5,"param":"Lagefterlevnad och spårbarhet","paramId":"compliance_traceability"}]}],"sustainabilityInfoApplicable":true},{"id":"7340011406976","type":"Product","ean":"7340011406976","name":"Basilika Eko","manufacturerName":"Änglamark","imageUrl":"http://res.cloudinary.com/coopsverige/image/upload/v1634124308/cloud/236492.tiff","navCategories":[{"code":"334462","name":"Färska örter & Smaksättare","superCategories":[{"code":"32361","name":"Grönsaker","superCategories":[{"code":"16534","name":"Frukt & Grönsaker","superCategories":[]}]}]}],"accreditedTags":[{"code":"NYCKELHALET","description":"Nyckelhålet","imageUrl":"https://res.cloudinary.com/coopsverige/image/upload/v1618910221/cooponline/Labels%27/nyckelhal_RGB.png","priority":240},{"code":"EU_ORGANIC_FARMING","description":"EU Lövet","imageUrl":"https://res.cloudinary.com/coopsverige/image/upload/cooponline/produktmarkning/EUOrganicFarmingLogo.jpg","priority":180},{"code":"KRAV_MARK","description":"KRAV","imageUrl":"https://res.cloudinary.com/coopsverige/image/upload/v1750847718/cooponline/Icons/2025/krav-logo_z2ptpn.png","priority":100}],"packageSize":35.0,"packageSizeInformation":"35 g","packageSizeUnit":"Gram","salesPrice":21.95,"salesPriceData":{"b2cPrice":21.95,"b2bPrice":19.6},"piecePrice":21.95,"piecePriceData":{"b2cPrice":21.95,"b2bPrice":19.6},"salesUnit":"Styck","comparativePriceText":"kr/kg","comparativePriceUnit":{"unit":"kg","text":"kr/kg"},"comparativePrice":627.14,"comparativePriceData":{"b2cPrice":627.14,"b2bPrice":559.95},"articleSold":false,"deposit":0.0,"depositData":{"b2cPrice":0.0,"b2bPrice":0.0},"vat":{"code":"vat-full-2","value":12.0,"type":"Percentage"},"animalFoodData":{},"fromSweden":false,"availableOnline":true,"isMagazine":false,"nutrientBasis":{},"originCountry":{"code":"SWEDEN","value":"Sverige"},"replacementCountries":[],"pharmaceuticalData":{"isPharmaceutical":false},"sustainabilityInfoApplicable":true},{"id":"7340007916571","type":"Product","ean":"7340007916571","name":"Ingefära Eko","description":"Möjliga ursprungsländer för denna produkt är: Peru och Kina.","imageUrl":"http://res.cloudinary.com/coopsverige/image/upload/v1728044821/cloud/391764.jpg","navCategories":[{"code":"32426","name":"Övriga Grönsaker","superCategories":[{"code":"32361","name":"Grönsaker","superCategories":[{"code":"16534","name":"Frukt & Grönsaker","superCategories":[]}]}]}],"accreditedTags":[{"code":"EU_ORGANIC_FARMING","description":"EU Lövet","imageUrl":"https://res.cloudinary.com/coopsverige/image/upload/cooponline/produktmarkning/EUOrganicFarmingLogo.jpg","priority":180}],"packageSize":200.0,"packageSizeInformation":"200 gram ungefärlig vikt","packageSizeUnit":"gram ungefärlig vikt","pieceWeight":0.2,"salesPrice":24.95,"salesPriceData":{"b2cPrice":24.95,"b2bPrice":22.28},"piecePrice":24.95,"piecePriceData":{"b2cPrice":24.95,"b2bPrice":22.28},"salesUnit":"Styck","comparativePriceText":"kr/kg","comparativePriceUnit":{"unit":"kg","text":"kr/kg"},"comparativePrice":124.75,"comparativePriceData":{"b2cPrice":124.75,"b2bPrice":111.38},"articleSold":false,"deposit":0.0,"depositData":{"b2cPrice":0.0,"b2bPrice":0.0},"vat":{"code":"vat-full-2","value":12.0,"type":"Percentage"},"animalFoodData":{},"fromSweden":false,"availableOnline":true,"isMagazine":false,"nutrientBasis":{},"originCountry":{"code":"PERU","value":"Peru"},"replacementCountries":[],"class":"Klass 1","pharmaceuticalData":{"isPharmaceutical":false},"sustainabilityInfo":[{"productScore":[{"score":1.0,"param":"Biologisk mångfald","paramId":"biodiversity"},{"score":1.0,"param":"Klimat","paramId":"climate"},{"score":1.0,"param":"Bördighet","paramId":"soil_fertility"},{"score":2.0,"param":"Vatten","paramId":"water"},{"score":1.0,"param":"Bekämpningsmedel","paramId":"pesticides"},{"score":1.0,"param":"Övergödning","paramId":"eutrophication"},{"score":null,"param":"Djuromsorg och antibiotika","paramId":"animal_welfare_antibiotics"},{"score":3.0,"param":"Arbetsförhållanden","paramId":"working_conditions"},{"score":4.5,"param":"Lokalbefolkning","paramId":"local_population"},{"score":1.0,"param":"Lagefterlevnad och spårbarhet","paramId":"compliance_traceability"}]}],"sustainabilityInfoApplicable":true},{"id":"7300156503602","type":"Product","ean":"7300156503602","name":"Morot Julienne","manufacturerName":"Coop","description":"Rivna morötter, snitt: 3mmKan innehålla spår av andra grönsaker.","imageUrl":"http://res.cloudinary.com/coopsverige/image/upload/v1731424431/cloud/402880.tiff","listOfIngredients":"Ingredienser: Morot 100%","navCategories":[{"code":"334460","name":"Färdigskuret","superCategories":[{"code":"32361","name":"Grönsaker","superCategories":[{"code":"16534","name":"Frukt & Grönsaker","superCategories":[]}]}]}],"maxStorageTemperature":"4.00","packageSize":300.0,"packageSizeInformation":"300 g","packageSizeUnit":"Gram","salesPrice":14.95,"salesPriceData":{"b2cPrice":14.95,"b2bPrice":13.35},"piecePrice":14.95,"piecePriceData":{"b2cPrice":14.95,"b2bPrice":13.35},"salesUnit":"Styck","comparativePriceText":"kr/kg","comparativePriceUnit":{"unit":"kg","text":"kr/kg"},"comparativePrice":49.83,"comparativePriceData":{"b2cPrice":49.83,"b2bPrice":44.49},"articleSold":false,"deposit":0.0,"depositData":{"b2cPrice":0.0,"b2bPrice":0.0},"vat":{"code":"vat-full-2","value":12.0,"type":"Percentage"},"nutrientLinks":[{"amount":["152.0000"],"description":"Energi","unit":"Kilojoule"},{"amount":["36.0000"],"description":"Energi","unit":"Kilokalori"},{"amount":["0.2000"],"description":"Fett","unit":"Gram"},{"amount":["0.1000"],"description":"Varav mättat fett","unit":"Gram"},{"amount":["6.6000"],"description":"Kolhydrat","unit":"Gram"},{"amount":["6.1000"],"description":"Varav sockerarter","unit":"Gram"},{"amount":["0.7000"],"description":"Protein","unit":"Gram"},{"amount":["0.1000"],"description":"Salt","unit":"Gram"}],"animalFoodData":{},"fromSweden":false,"availableOnline":true,"countryOfOriginCodes":[{"code":"752","value":"Sverige"}],"isMagazine":false,"nutrientBasis":{"quantity":100.0},"originCountry":{"code":"SWEDEN","value":"Sverige"},"replacementCountries":[],"class":"Klass 1","pharmaceuticalData":{"isPharmaceutical":false},"nutrientInformation":[{"header":{"nutrientBasisQuantity":100.0,"nutrientBasisQuantityUnit":{"code":"GRM","value":"Gram"}}}],"sustainabilityInfo":[{"productScore":[{"score":2.0,"param":"Biologisk mångfald","paramId":"biodiversity"},{"score":1.0,"param":"Klimat","paramId":"climate"},{"score":2.0,"param":"Bördighet","paramId":"soil_fertility"},{"score":2.0,"param":"Vatten","paramId":"water"},{"score":2.0,"param":"Bekämpningsmedel","paramId":"pesticides"},{"score":2.0,"param":"Övergödning","paramId":"eutrophication"},{"score":null,"param":"Djuromsorg och antibiotika","paramId":"animal_welfare_antibiotics"},{"score":2.0,"param":"Arbetsförhållanden","paramId":"working_conditions"},{"score":2.5,"param":"Lokalbefolkning","paramId":"local_population"},{"score":2.0,"param":"Lagefterlevnad och spårbarhet","paramId":"compliance_traceability"}]}],"sustainabilityInfoApplicable":true},{"id":"2317474700007","type":"Product","ean":"2317474700007","name":"Kålrot Hel","description":"Produkten varierar något i storlek och vikt. När du handlar hos oss visar vi en uppskattad vikt för varan och ett pris baserat på kilopriset. Ni debiteras efter vi plockat ihop era varor den verkliga vikten.<br> Vi garanterar att du alltid betalar för varans verkliga vikt.","imageUrl":"http://res.cloudinary.com/coopsverige/image/upload/v1440063258/49701.tiff","navCategories":[{"code":"32472","name":"Övriga Rotfrukter","superCategories":[{"code":"32361","name":"Grönsaker","superCategories":[{"code":"16534","name":"Frukt & Grönsaker","superCategories":[]}]}]}],"packageSize":800.0,"packageSizeInformation":"800 gram ungefärlig vikt","packageSizeUnit":"gram ungefärlig vikt","pieceWeight":0.8,"salesPrice":35.95,"salesPriceData":{"b2cPrice":35.95,"b2bPrice":32.1},"piecePrice":28.76,"piecePriceData":{"b2cPrice":28.76,"b2bPrice":25.68},"salesUnit":"Vikt","comparativePriceText":"kr/kg","comparativePriceUnit":{"unit":"kg","text":"kr/kg"},"comparativePrice":35.95,"comparativePriceData":{"b2cPrice":35.95,"b2bPrice":32.1},"articleSold":false,"deposit":0.0,"depositData":{"b2cPrice":0.0,"b2bPrice":0.0},"vat":{"code":"vat-full-2","value":12.0,"type":"Percentage"},"animalFoodData":{},"fromSweden":false,"availableOnline":true,"isMagazine":false,"nutrientBasis":{},"originCountry":{"code":"SWEDEN","value":"Sverige"},"replacementCountries":[],"class":"Klass 1","pharmaceuticalData":{"isPharmaceutical":false},"sustainabilityInfo":[{"productScore":[{"score":2.0,"param":"Biologisk mångfald","paramId":"biodiversity"},{"score":1.0,"param":"Klimat","paramId":"climate"},{"score":1.5,"param":"Bördighet","paramId":"soil_fertility"},{"score":2.0,"param":"Vatten","paramId":"water"},{"score":2.0,"param":"Bekämpningsmedel","paramId":"pesticides"},{"score":2.0,"param":"Övergödning","paramId":"eutrophication"},{"score":null,"param":"Djuromsorg och antibiotika","paramId":"animal_welfare_antibiotics"},{"score":2.0,"param":"Arbetsförhållanden","paramId":"working_conditions"},{"score":1.5,"param":"Lokalbefolkning","paramId":"local_population"},{"score":1.0,"param":"Lagefterlevnad och spårbarhet","paramId":"compliance_traceability"}]}],"sustainabilityInfoApplicable":true},{"id":"7340007910548","type":"Product","ean":"7340007910548","name":"Palsternacka","imageUrl":"http://res.cloudinary.com/coopsverige/image/upload/v1636362197/cloud/116392.jpg","navCategories":[{"code":"32472","name":"Övriga Rotfrukter","superCategories":[{"code":"32361","name":"Grönsaker","superCategories":[{"code":"16534","name":"Frukt & Grönsaker","superCategories":[]}]}]}],"packageSize":500.0,"packageSizeInformation":"500 gr","packageSizeUnit":"Gram","salesPrice":16.95,"salesPriceData":{"b2cPrice":16.95,"b2bPrice":15.13},"piecePrice":16.95,"piecePriceData":{"b2cPrice":16.95,"b2bPrice":15.13},"salesUnit":"Styck","comparativePriceText":"kr/kg","comparativePriceUnit":{"unit":"kg","text":"kr/kg"},"comparativePrice":33.9,"comparativePriceData":{"b2cPrice":33.9,"b2bPrice":30.27},"articleSold":false,"deposit":0.0,"depositData":{"b2cPrice":0.0,"b2bPrice":0.0},"vat":{"code":"vat-full-2","value":12.0,"type":"Percentage"},"animalFoodData":{},"onlinePromotions":[{"id":"016001_36096","price":25.0,"priceData":{"b2cPrice":25.0,"b2bPrice":22.32},"startDate":"2025-08-31T22:00:00Z","endDate":"2025-09-07T22:00:00Z","message":"Palsternackor 2 för 25 k-2 för 25:-","type":"MULTI_BUY_FIXED_PRICE","numberOfProductRequired":2,"medMeraRequired":false,"priority":910,"comparativePrice":{"b2cPrice":25.0,"b2bPrice":22.32},"higherThanHistoricalPrice":false}],"fromSweden":false,"availableOnline":true,"isMagazine":false,"nutrientBasis":{},"originCountry":{"code":"SWEDEN","value":"Sverige"},"replacementCountries":[],"class":"Klass 1","pharmaceuticalData":{"isPharmaceutical":false},"sustainabilityInfo":[{"productScore":[{"score":2.0,"param":"Biologisk mångfald","paramId":"biodiversity"},{"score":1.0,"param":"Klimat","paramId":"climate"},{"score":3.0,"param":"Bördighet","paramId":"soil_fertility"},{"score":1.0,"param":"Vatten","paramId":"water"},{"score":2.0,"param":"Bekämpningsmedel","paramId":"pesticides"},{"score":2.0,"param":"Övergödning","paramId":"eutrophication"},{"score":null,"param":"Djuromsorg och antibiotika","paramId":"animal_welfare_antibiotics"},{"score":1.0,"param":"Arbetsförhållanden","paramId":"working_conditions"},{"score":1.0,"param":"Lokalbefolkning","paramId":"local_population"},{"score":1.0,"param":"Lagefterlevnad och spårbarhet","paramId":"compliance_traceability"}]}],"sustainabilityInfoApplicable":true},{"id":"7300156598868","type":"Product","ean":"7300156598868","name":"Frisémix","manufacturerName":"Coop","description":"Salladsblandning innehållande; Frisé sallat, Mache sallat, Rosé sallat. Sköljd och färdig att äta.","imageUrl":"http://res.cloudinary.com/coopsverige/image/upload/v1730807188/cloud/399836.tiff","listOfIngredients":"Ingredienser: Frise sallat 40%, Rose sallat 40%, Mache sallat 20%.","navCategories":[{"code":"334460","name":"Färdigskuret","superCategories":[{"code":"32361","name":"Grönsaker","superCategories":[{"code":"16534","name":"Frukt & Grönsaker","superCategories":[]}]}]}],"accreditedTags":[{"code":"GLOBAL_GAP"},{"code":"GRASP"}],"maxStorageTemperature":"4","packageSize":250.0,"packageSizeInformation":"250 g","packageSizeUnit":"Gram","salesPrice":28.95,"salesPriceData":{"b2cPrice":28.95,"b2bPrice":25.85},"piecePrice":28.95,"piecePriceData":{"b2cPrice":28.95,"b2bPrice":25.85},"salesUnit":"Styck","comparativePriceText":"kr/kg","comparativePriceUnit":{"unit":"kg","text":"kr/kg"},"comparativePrice":115.8,"comparativePriceData":{"b2cPrice":115.8,"b2bPrice":103.39},"articleSold":false,"deposit":0.0,"depositData":{"b2cPrice":0.0,"b2bPrice":0.0},"vat":{"code":"vat-full-2","value":12.0,"type":"Percentage"},"nutrientLinks":[{"amount":["20"],"description":"Energi","unit":"Kilokalori"},{"amount":["84"],"description":"Energi","unit":"Kilojoule"},{"amount":["0.2"],"description":"Fett","unit":"Gram"},{"amount":["0.1"],"description":"Varav mättat fett","unit":"Gram"},{"amount":["2.4"],"description":"Kolhydrat","unit":"Gram"},{"amount":["0.6"],"description":"Varav sockerarter","unit":"Gram"},{"amount":["1.6"],"description":"Protein","unit":"Gram"},{"amount":["0.1"],"description":"Salt","unit":"Gram"}],"animalFoodData":{},"fromSweden":false,"availableOnline":true,"countryOfOriginCodes":[{"code":"752","value":"Sverige"}],"isMagazine":false,"nutrientBasis":{"quantity":100.0},"originCountry":{"code":"POLAND","value":"Polen"},"replacementCountries":[{"code":"SWEDEN","value":"Sverige"},{"code":"FRANCE","value":"Frankrike"}],"pharmaceuticalData":{"isPharmaceutical":false},"nutrientInformation":[{"header":{"nutrientBasisQuantity":100.0,"nutrientBasisQuantityType":"BY_MEASURE","nutrientBasisQuantityUnit":{"code":"GRM","value":"Gram"}}}],"regulatedArticleDescription":"Frisémix 250gr","sustainabilityInfoApplicable":true},{"id":"7300156599865","type":"Product","ean":"7300156599865","name":"Dill","manufacturerName":"COOP","imageUrl":"http://res.cloudinary.com/coopsverige/image/upload/v1745845966/cloud/471860.jpg","navCategories":[{"code":"334462","name":"Färska örter & Smaksättare","superCategories":[{"code":"32361","name":"Grönsaker","superCategories":[{"code":"16534","name":"Frukt & Grönsaker","superCategories":[]}]}]}],"packageSize":20.0,"packageSizeInformation":"20 g","packageSizeUnit":"Gram","salesPrice":12.95,"salesPriceData":{"b2cPrice":12.95,"b2bPrice":11.56},"piecePrice":12.95,"piecePriceData":{"b2cPrice":12.95,"b2bPrice":11.56},"salesUnit":"Styck","comparativePriceText":"kr/kg","comparativePriceUnit":{"unit":"kg","text":"kr/kg"},"comparativePrice":647.5,"comparativePriceData":{"b2cPrice":647.5,"b2bPrice":578.13},"articleSold":false,"deposit":0.0,"depositData":{"b2cPrice":0.0,"b2bPrice":0.0},"vat":{"code":"vat-full-2","value":12.0,"type":"Percentage"},"animalFoodData":{},"onlinePromotions":[{"id":"016001_36101","price":22.0,"priceData":{"b2cPrice":22.0,"b2bPrice":19.64},"startDate":"2025-08-31T22:00:00Z","endDate":"2025-09-07T22:00:00Z","message":"ÖRTER 2 FÖR 22 KR-2 för 22:-","type":"MULTI_BUY_FIXED_PRICE","numberOfProductRequired":2,"medMeraRequired":false,"priority":910,"comparativePrice":{"b2cPrice":550.0,"b2bPrice":491.07},"higherThanHistoricalPrice":false}],"fromSweden":false,"availableOnline":true,"isMagazine":false,"nutrientBasis":{},"originCountry":{"code":"SWEDEN","value":"Sverige"},"replacementCountries":[{"code":"SPAIN","value":"Spanien"}],"pharmaceuticalData":{"isPharmaceutical":false},"sustainabilityInfoApplicable":true},{"id":"2317475900000","type":"Product","ean":"2317475900000","name":"Pumpa","description":"Produkten varierar något i storlek och vikt. När du handlar hos oss visar vi en uppskattad vikt för varan och ett pris baserat på kilopriset. Ni debiteras efter vi plockat ihop era varor den verkliga vikten.<br> Vi garanterar att du alltid betalar för varans verkliga vikt.","imageUrl":"http://res.cloudinary.com/coopsverige/image/upload/v1440063265/49703.tiff","navCategories":[{"code":"32426","name":"Övriga Grönsaker","superCategories":[{"code":"32361","name":"Grönsaker","superCategories":[{"code":"16534","name":"Frukt & Grönsaker","superCategories":[]}]}]}],"packageSize":800.0,"packageSizeInformation":"800 gram ungefärlig vikt","packageSizeUnit":"gram ungefärlig vikt","pieceWeight":0.8,"salesPrice":32.95,"salesPriceData":{"b2cPrice":32.95,"b2bPrice":29.42},"piecePrice":26.36,"piecePriceData":{"b2cPrice":26.36,"b2bPrice":23.54},"salesUnit":"Vikt","comparativePriceText":"kr/kg","comparativePriceUnit":{"unit":"kg","text":"kr/kg"},"comparativePrice":32.95,"comparativePriceData":{"b2cPrice":32.95,"b2bPrice":29.42},"articleSold":false,"deposit":0.0,"depositData":{"b2cPrice":0.0,"b2bPrice":0.0},"vat":{"code":"vat-full-2","value":12.0,"type":"Percentage"},"animalFoodData":{},"fromSweden":false,"availableOnline":true,"isMagazine":false,"nutrientBasis":{},"originCountry":{"code":"SPAIN","value":"Spanien"},"replacementCountries":[],"variety":"Butternut","class":"Klass 1","pharmaceuticalData":{"isPharmaceutical":false},"sustainabilityInfo":[{"productScore":[{"score":2.0,"param":"Biologisk mångfald","paramId":"biodiversity"},{"score":1.0,"param":"Klimat","paramId":"climate"},{"score":2.0,"param":"Bördighet","paramId":"soil_fertility"},{"score":2.0,"param":"Vatten","paramId":"water"},{"score":2.0,"param":"Bekämpningsmedel","paramId":"pesticides"},{"score":2.0,"param":"Övergödning","paramId":"eutrophication"},{"score":null,"param":"Djuromsorg och antibiotika","paramId":"animal_welfare_antibiotics"},{"score":3.0,"param":"Arbetsförhållanden","paramId":"working_conditions"},{"score":3.5,"param":"Lokalbefolkning","paramId":"local_population"},{"score":4.0,"param":"Lagefterlevnad och spårbarhet","paramId":"compliance_traceability"}]}],"sustainabilityInfoApplicable":true},{"id":"7331353555552","type":"Product","ean":"7331353555552","name":"Soppmix","imageUrl":"http://res.cloudinary.com/coopsverige/image/upload/v1633445532/cloud/235770.tiff","listOfIngredients":"Morot 50%  Rotselleri 20%  Palsternacka 20%  Purjolök 10%","navCategories":[{"code":"32472","name":"Övriga Rotfrukter","superCategories":[{"code":"32361","name":"Grönsaker","superCategories":[{"code":"16534","name":"Frukt & Grönsaker","superCategories":[]}]}]}],"packageSize":500.0,"packageSizeInformation":"500 g","packageSizeUnit":"Gram","salesPrice":26.95,"salesPriceData":{"b2cPrice":26.95,"b2bPrice":24.06},"piecePrice":26.95,"piecePriceData":{"b2cPrice":26.95,"b2bPrice":24.06},"salesUnit":"Styck","comparativePriceText":"kr/kg","comparativePriceUnit":{"unit":"kg","text":"kr/kg"},"comparativePrice":53.9,"comparativePriceData":{"b2cPrice":53.9,"b2bPrice":48.13},"articleSold":false,"deposit":0.0,"depositData":{"b2cPrice":0.0,"b2bPrice":0.0},"vat":{"code":"vat-full-2","value":12.0,"type":"Percentage"},"animalFoodData":{},"fromSweden":false,"availableOnline":true,"isMagazine":false,"nutrientBasis":{},"originCountry":{"code":"SWEDEN","value":"Sverige"},"replacementCountries":[],"class":"Klass 1","pharmaceuticalData":{"isPharmaceutical":false},"sustainabilityInfoApplicable":true},{"id":"7340007915154","type":"Product","ean":"7340007915154","name":"Druva Grön","imageUrl":"http://res.cloudinary.com/coopsverige/image/upload/v1434985309/38127.tiff","navCategories":[{"code":"32494","name":"Druvor","superCategories":[{"code":"32484","name":"Frukt & bär","superCategories":[{"code":"16534","name":"Frukt & Grönsaker","superCategories":[]}]}]}],"packageSizeInformation":"300 g","salesPrice":34.95,"salesPriceData":{"b2cPrice":34.95,"b2bPrice":31.21},"piecePrice":34.95,"piecePriceData":{"b2cPrice":34.95,"b2bPrice":31.21},"salesUnit":"Styck","comparativePriceText":"kr/kg","comparativePriceUnit":{"unit":"kg","text":"kr/kg"},"comparativePrice":116.5,"comparativePriceData":{"b2cPrice":116.5,"b2bPrice":104.02},"articleSold":false,"deposit":0.0,"depositData":{"b2cPrice":0.0,"b2bPrice":0.0},"vat":{"code":"vat-full-2","value":12.0,"type":"Percentage"},"animalFoodData":{},"fromSweden":false,"availableOnline":true,"isMagazine":false,"nutrientBasis":{},"originCountry":{"code":"SPAIN","value":"Spanien"},"replacementCountries":[],"variety":"Candy","class":"Klass 1","pharmaceuticalData":{"isPharmaceutical":false},"sustainabilityInfo":[{"productScore":[{"score":2.0,"param":"Biologisk mångfald","paramId":"biodiversity"},{"score":2.0,"param":"Klimat","paramId":"climate"},{"score":2.0,"param":"Bördighet","paramId":"soil_fertility"},{"score":2.0,"param":"Vatten","paramId":"water"},{"score":2.0,"param":"Bekämpningsmedel","paramId":"pesticides"},{"score":2.0,"param":"Övergödning","paramId":"eutrophication"},{"score":null,"param":"Djuromsorg och antibiotika","paramId":"animal_welfare_antibiotics"},{"score":2.0,"param":"Arbetsförhållanden","paramId":"working_conditions"},{"score":3.0,"param":"Lokalbefolkning","paramId":"local_population"},{"score":2.5,"param":"Lagefterlevnad och spårbarhet","paramId":"compliance_traceability"}]}],"sustainabilityInfoApplicable":true},{"id":"7300170040848","type":"Product","ean":"7300170040848","name":"Kronärtskocka","imageUrl":"http://res.cloudinary.com/coopsverige/image/upload/v1651759865/cloud/175704.jpg","navCategories":[{"code":"32426","name":"Övriga Grönsaker","superCategories":[{"code":"32361","name":"Grönsaker","superCategories":[{"code":"16534","name":"Frukt & Grönsaker","superCategories":[]}]}]}],"packageSize":420.0,"packageSizeInformation":"420 gram ungefärlig vikt","packageSizeUnit":"gram ungefärlig vikt","pieceWeight":0.42,"salesPrice":22.95,"salesPriceData":{"b2cPrice":22.95,"b2bPrice":20.49},"piecePrice":22.95,"piecePriceData":{"b2cPrice":22.95,"b2bPrice":20.49},"salesUnit":"Styck","comparativePriceText":"kr/kg","comparativePriceUnit":{"unit":"kg","text":"kr/kg"},"comparativePrice":54.64,"comparativePriceData":{"b2cPrice":54.64,"b2bPrice":48.79},"articleSold":false,"deposit":0.0,"depositData":{"b2cPrice":0.0,"b2bPrice":0.0},"vat":{"code":"vat-full-2","value":12.0,"type":"Percentage"},"animalFoodData":{},"fromSweden":false,"availableOnline":true,"isMagazine":false,"nutrientBasis":{},"originCountry":{"code":"FRANCE","value":"Frankrike"},"replacementCountries":[],"class":"Klass 1","pharmaceuticalData":{"isPharmaceutical":false},"sustainabilityInfoApplicable":true},{"id":"2317457500006","type":"Product","ean":"2317457500006","name":"Rotselleri","description":"Produkten varierar något i storlek och vikt. När du handlar hos oss visar vi en uppskattad vikt för varan och ett pris baserat på kilopriset. Ni debiteras efter vi plockat ihop era varor den verkliga vikten.<br> Vi garanterar att du alltid betalar för varans verkliga vikt.","imageUrl":"http://res.cloudinary.com/coopsverige/image/upload/v1440062450/49579.tiff","navCategories":[{"code":"32472","name":"Övriga Rotfrukter","superCategories":[{"code":"32361","name":"Grönsaker","superCategories":[{"code":"16534","name":"Frukt & Grönsaker","superCategories":[]}]}]}],"packageSize":350.0,"packageSizeInformation":"350 gram ungefärlig vikt","packageSizeUnit":"gram ungefärlig vikt","pieceWeight":0.35,"salesPrice":39.95,"salesPriceData":{"b2cPrice":39.95,"b2bPrice":35.67},"piecePrice":13.98,"piecePriceData":{"b2cPrice":13.98,"b2bPrice":12.48},"salesUnit":"Vikt","comparativePriceText":"kr/kg","comparativePriceUnit":{"unit":"kg","text":"kr/kg"},"comparativePrice":39.95,"comparativePriceData":{"b2cPrice":39.95,"b2bPrice":35.67},"articleSold":false,"deposit":0.0,"depositData":{"b2cPrice":0.0,"b2bPrice":0.0},"vat":{"code":"vat-full-2","value":12.0,"type":"Percentage"},"animalFoodData":{},"fromSweden":false,"availableOnline":true,"isMagazine":false,"nutrientBasis":{},"originCountry":{"code":"SWEDEN","value":"Sverige"},"replacementCountries":[],"class":"Klass 1","pharmaceuticalData":{"isPharmaceutical":false},"sustainabilityInfo":[{"productScore":[{"score":2.0,"param":"Biologisk mångfald","paramId":"biodiversity"},{"score":1.0,"param":"Klimat","paramId":"climate"},{"score":2.5,"param":"Bördighet","paramId":"soil_fertility"},{"score":1.5,"param":"Vatten","paramId":"water"},{"score":2.0,"param":"Bekämpningsmedel","paramId":"pesticides"},{"score":2.0,"param":"Övergödning","paramId":"eutrophication"},{"score":null,"param":"Djuromsorg och antibiotika","paramId":"animal_welfare_antibiotics"},{"score":1.0,"param":"Arbetsförhållanden","paramId":"working_conditions"},{"score":1.0,"param":"Lokalbefolkning","paramId":"local_population"},{"score":1.0,"param":"Lagefterlevnad och spårbarhet","paramId":"compliance_traceability"}]}],"sustainabilityInfoApplicable":true},{"id":"2317462500008","type":"Product","ean":"2317462500008","name":"Pepparrot","description":"Produkten varierar något i storlek och vikt. När du handlar hos oss visar vi en uppskattad vikt för varan och ett pris baserat på kilopriset. Ni debiteras efter vi plockat ihop era varor den verkliga vikten.<br> Vi garanterar att du alltid betalar för varans verkliga vikt.","imageUrl":"http://res.cloudinary.com/coopsverige/image/upload/v1749559003/cloud/487404.jpg","navCategories":[{"code":"32472","name":"Övriga Rotfrukter","superCategories":[{"code":"32361","name":"Grönsaker","superCategories":[{"code":"16534","name":"Frukt & Grönsaker","superCategories":[]}]}]}],"packageSize":120.0,"packageSizeInformation":"120 gram ungefärlig vikt","packageSizeUnit":"gram ungefärlig vikt","pieceWeight":0.12,"salesPrice":139.0,"salesPriceData":{"b2cPrice":139.0,"b2bPrice":124.11},"piecePrice":16.68,"piecePriceData":{"b2cPrice":16.68,"b2bPrice":14.89},"salesUnit":"Vikt","comparativePriceText":"kr/kg","comparativePriceUnit":{"unit":"kg","text":"kr/kg"},"comparativePrice":139.0,"comparativePriceData":{"b2cPrice":139.0,"b2bPrice":124.11},"articleSold":false,"deposit":0.0,"depositData":{"b2cPrice":0.0,"b2bPrice":0.0},"vat":{"code":"vat-full-2","value":12.0,"type":"Percentage"},"animalFoodData":{},"fromSweden":false,"availableOnline":true,"isMagazine":false,"nutrientBasis":{},"originCountry":{"code":"HUNGARY","value":"Ungern"},"replacementCountries":[],"class":"Klass 1","pharmaceuticalData":{"isPharmaceutical":false},"sustainabilityInfo":[{"productScore":[{"score":2.0,"param":"Biologisk mångfald","paramId":"biodiversity"},{"score":1.0,"param":"Klimat","paramId":"climate"},{"score":2.0,"param":"Bördighet","paramId":"soil_fertility"},{"score":2.0,"param":"Vatten","paramId":"water"},{"score":2.0,"param":"Bekämpningsmedel","paramId":"pesticides"},{"score":2.0,"param":"Övergödning","paramId":"eutrophication"},{"score":null,"param":"Djuromsorg och antibiotika","paramId":"animal_welfare_antibiotics"},{"score":3.0,"param":"Arbetsförhållanden","paramId":"working_conditions"},{"score":3.0,"param":"Lokalbefolkning","paramId":"local_population"},{"score":4.0,"param":"Lagefterlevnad och spårbarhet","paramId":"compliance_traceability"}]}],"sustainabilityInfoApplicable":true},{"id":"2317474300009","type":"Product","ean":"2317474300009","name":"Rättika Vit","description":"Produkten varierar något i storlek och vikt. När du handlar hos oss visar vi en uppskattad vikt för varan och ett pris baserat på kilopriset. Ni debiteras efter vi plockat ihop era varor den verkliga vikten.<br> Vi garanterar att du alltid betalar för varans verkliga vikt.","imageUrl":"http://res.cloudinary.com/coopsverige/image/upload/v1440063249/49699.tiff","navCategories":[{"code":"32472","name":"Övriga Rotfrukter","superCategories":[{"code":"32361","name":"Grönsaker","superCategories":[{"code":"16534","name":"Frukt & Grönsaker","superCategories":[]}]}]}],"packageSize":1000.0,"packageSizeInformation":"1000 gram ungefärlig vikt","packageSizeUnit":"gram ungefärlig vikt","pieceWeight":1.0,"salesPrice":29.95,"salesPriceData":{"b2cPrice":29.95,"b2bPrice":26.74},"piecePrice":29.95,"piecePriceData":{"b2cPrice":29.95,"b2bPrice":26.74},"salesUnit":"Vikt","comparativePriceText":"kr/kg","comparativePriceUnit":{"unit":"kg","text":"kr/kg"},"comparativePrice":29.95,"comparativePriceData":{"b2cPrice":29.95,"b2bPrice":26.74},"articleSold":false,"deposit":0.0,"depositData":{"b2cPrice":0.0,"b2bPrice":0.0},"vat":{"code":"vat-full-2","value":12.0,"type":"Percentage"},"animalFoodData":{},"fromSweden":false,"availableOnline":true,"isMagazine":false,"nutrientBasis":{},"originCountry":{"code":"SWEDEN","value":"Sverige"},"replacementCountries":[],"class":"Klass 1","sustainabilityInfo":[{"productScore":[{"score":2.0,"param":"Biologisk mångfald","paramId":"biodiversity"},{"score":1.0,"param":"Klimat","paramId":"climate"},{"score":2.0,"param":"Bördighet","paramId":"soil_fertility"},{"score":2.0,"param":"Vatten","paramId":"water"},{"score":2.0,"param":"Bekämpningsmedel","paramId":"pesticides"},{"score":2.0,"param":"Övergödning","paramId":"eutrophication"},{"score":null,"param":"Djuromsorg och antibiotika","paramId":"animal_welfare_antibiotics"},{"score":2.0,"param":"Arbetsförhållanden","paramId":"working_conditions"},{"score":3.0,"param":"Lokalbefolkning","paramId":"local_population"},{"score":2.5,"param":"Lagefterlevnad och spårbarhet","paramId":"compliance_traceability"}]}],"sustainabilityInfoApplicable":true},{"id":"7300156577511","type":"Product","ean":"7300156577511","name":"Gulbeta Eko","description":"Produkten varierar något i storlek och vikt. När du handlar hos oss visar vi en uppskattad vikt för varan och ett pris baserat på kilopriset. Ni debiteras efter vi plockat ihop era varor den verkliga vikten. Vi garanterar att du alltid betalar för varans verkliga vikt.","imageUrl":"http://res.cloudinary.com/coopsverige/image/upload/v1556783327/371653.tiff","navCategories":[{"code":"32472","name":"Övriga Rotfrukter","superCategories":[{"code":"32361","name":"Grönsaker","superCategories":[{"code":"16534","name":"Frukt & Grönsaker","superCategories":[]}]}]}],"accreditedTags":[{"code":"KRAV_MARK","description":"KRAV","imageUrl":"https://res.cloudinary.com/coopsverige/image/upload/v1750847718/cooponline/Icons/2025/krav-logo_z2ptpn.png","priority":100}],"packageSize":400.0,"packageSizeInformation":"400 g","packageSizeUnit":"Gram","salesPrice":19.95,"salesPriceData":{"b2cPrice":19.95,"b2bPrice":17.81},"piecePrice":19.95,"piecePriceData":{"b2cPrice":19.95,"b2bPrice":17.81},"salesUnit":"Styck","comparativePriceText":"kr/kg","comparativePriceUnit":{"unit":"kg","text":"kr/kg"},"comparativePrice":49.88,"comparativePriceData":{"b2cPrice":49.88,"b2bPrice":44.54},"articleSold":false,"deposit":0.0,"depositData":{"b2cPrice":0.0,"b2bPrice":0.0},"vat":{"code":"vat-full-2","value":12.0,"type":"Percentage"},"animalFoodData":{},"fromSweden":false,"availableOnline":true,"isMagazine":false,"nutrientBasis":{},"originCountry":{"code":"SWEDEN","value":"Sverige"},"replacementCountries":[],"class":"Klass 1","pharmaceuticalData":{"isPharmaceutical":false},"sustainabilityInfo":[{"productScore":[{"score":1.0,"param":"Biologisk mångfald","paramId":"biodiversity"},{"score":1.0,"param":"Klimat","paramId":"climate"},{"score":1.0,"param":"Bördighet","paramId":"soil_fertility"},{"score":1.0,"param":"Vatten","paramId":"water"},{"score":1.0,"param":"Bekämpningsmedel","paramId":"pesticides"},{"score":1.0,"param":"Övergödning","paramId":"eutrophication"},{"score":null,"param":"Djuromsorg och antibiotika","paramId":"animal_welfare_antibiotics"},{"score":1.0,"param":"Arbetsförhållanden","paramId":"working_conditions"},{"score":1.0,"param":"Lokalbefolkning","paramId":"local_population"},{"score":1.0,"param":"Lagefterlevnad och spårbarhet","paramId":"compliance_traceability"}]}],"sustainabilityInfoApplicable":true},{"id":"7340007910067","type":"Product","ean":"7340007910067","name":"Rödbetor","imageUrl":"http://res.cloudinary.com/coopsverige/image/upload/v1634125714/cloud/236499.tiff","navCategories":[{"code":"32472","name":"Övriga Rotfrukter","superCategories":[{"code":"32361","name":"Grönsaker","superCategories":[{"code":"16534","name":"Frukt & Grönsaker","superCategories":[]}]}]}],"packageSize":1000.0,"packageSizeInformation":"1 kg","packageSizeUnit":"Gram","salesPrice":19.95,"salesPriceData":{"b2cPrice":19.95,"b2bPrice":17.81},"piecePrice":19.95,"piecePriceData":{"b2cPrice":19.95,"b2bPrice":17.81},"salesUnit":"Styck","comparativePriceText":"kr/kg","comparativePriceUnit":{"unit":"kg","text":"kr/kg"},"comparativePrice":19.95,"comparativePriceData":{"b2cPrice":19.95,"b2bPrice":17.81},"articleSold":false,"deposit":0.0,"depositData":{"b2cPrice":0.0,"b2bPrice":0.0},"vat":{"code":"vat-full-2","value":12.0,"type":"Percentage"},"animalFoodData":{},"fromSweden":false,"availableOnline":true,"isMagazine":false,"nutrientBasis":{},"originCountry":{"code":"SWEDEN","value":"Sverige"},"replacementCountries":[],"class":"Klass 1","pharmaceuticalData":{"isPharmaceutical":false},"sustainabilityInfo":[{"productScore":[{"score":2.0,"param":"Biologisk mångfald","paramId":"biodiversity"},{"score":1.0,"param":"Klimat","paramId":"climate"},{"score":3.0,"param":"Bördighet","paramId":"soil_fertility"},{"score":1.0,"param":"Vatten","paramId":"water"},{"score":2.0,"param":"Bekämpningsmedel","paramId":"pesticides"},{"score":2.0,"param":"Övergödning","paramId":"eutrophication"},{"score":null,"param":"Djuromsorg och antibiotika","paramId":"animal_welfare_antibiotics"},{"score":1.0,"param":"Arbetsförhållanden","paramId":"working_conditions"},{"score":1.0,"param":"Lokalbefolkning","paramId":"local_population"},{"score":1.0,"param":"Lagefterlevnad och spårbarhet","paramId":"compliance_traceability"}]}],"sustainabilityInfoApplicable":true},{"id":"7340007901010","type":"Product","ean":"7340007901010","name":"Stjälkselleri","imageUrl":"http://res.cloudinary.com/coopsverige/image/upload/v1641199512/cloud/191745.tiff","navCategories":[{"code":"32426","name":"Övriga Grönsaker","superCategories":[{"code":"32361","name":"Grönsaker","superCategories":[{"code":"16534","name":"Frukt & Grönsaker","superCategories":[]}]}]}],"packageSize":350.0,"packageSizeInformation":"350 gram ungefärlig vikt","packageSizeUnit":"gram ungefärlig vikt","pieceWeight":0.35,"salesPrice":24.95,"salesPriceData":{"b2cPrice":24.95,"b2bPrice":22.28},"piecePrice":24.95,"piecePriceData":{"b2cPrice":24.95,"b2bPrice":22.28},"salesUnit":"Styck","comparativePriceText":"kr/kg","comparativePriceUnit":{"unit":"kg","text":"kr/kg"},"comparativePrice":71.29,"comparativePriceData":{"b2cPrice":71.29,"b2bPrice":63.65},"articleSold":false,"deposit":0.0,"depositData":{"b2cPrice":0.0,"b2bPrice":0.0},"vat":{"code":"vat-full-2","value":12.0,"type":"Percentage"},"animalFoodData":{},"fromSweden":false,"availableOnline":true,"isMagazine":false,"nutrientBasis":{},"originCountry":{"code":"SPAIN","value":"Spanien"},"replacementCountries":[],"class":"Klass 1","sustainabilityInfo":[{"productScore":[{"score":2.0,"param":"Biologisk mångfald","paramId":"biodiversity"},{"score":1.0,"param":"Klimat","paramId":"climate"},{"score":2.5,"param":"Bördighet","paramId":"soil_fertility"},{"score":1.5,"param":"Vatten","paramId":"water"},{"score":2.0,"param":"Bekämpningsmedel","paramId":"pesticides"},{"score":2.0,"param":"Övergödning","paramId":"eutrophication"},{"score":null,"param":"Djuromsorg och antibiotika","paramId":"animal_welfare_antibiotics"},{"score":1.0,"param":"Arbetsförhållanden","paramId":"working_conditions"},{"score":1.5,"param":"Lokalbefolkning","paramId":"local_population"},{"score":1.0,"param":"Lagefterlevnad och spårbarhet","paramId":"compliance_traceability"}]}],"sustainabilityInfoApplicable":true},{"id":"7330606040302","type":"Product","ean":"7330606040302","name":"Stjälkselleri Eko","imageUrl":"http://res.cloudinary.com/coopsverige/image/upload/v1667395059/cloud/265435.tiff","navCategories":[{"code":"32426","name":"Övriga Grönsaker","superCategories":[{"code":"32361","name":"Grönsaker","superCategories":[{"code":"16534","name":"Frukt & Grönsaker","superCategories":[]}]}]}],"packageSize":200.0,"packageSizeInformation":"200 gram ungefärlig vikt","packageSizeUnit":"gram ungefärlig vikt","pieceWeight":0.2,"salesPrice":29.95,"salesPriceData":{"b2cPrice":29.95,"b2bPrice":26.74},"piecePrice":29.95,"piecePriceData":{"b2cPrice":29.95,"b2bPrice":26.74},"salesUnit":"Styck","comparativePriceText":"kr/kg","comparativePriceUnit":{"unit":"kg","text":"kr/kg"},"comparativePrice":149.75,"comparativePriceData":{"b2cPrice":149.75,"b2bPrice":133.71},"articleSold":false,"deposit":0.0,"depositData":{"b2cPrice":0.0,"b2bPrice":0.0},"vat":{"code":"vat-full-2","value":12.0,"type":"Percentage"},"animalFoodData":{},"fromSweden":false,"availableOnline":true,"isMagazine":false,"nutrientBasis":{},"originCountry":{"code":"SWEDEN","value":"Sverige"},"replacementCountries":[],"class":"Klass 1","pharmaceuticalData":{"isPharmaceutical":false},"sustainabilityInfo":[{"productScore":[{"score":1.0,"param":"Biologisk mångfald","paramId":"biodiversity"},{"score":1.0,"param":"Klimat","paramId":"climate"},{"score":1.0,"param":"Bördighet","paramId":"soil_fertility"},{"score":4.0,"param":"Vatten","paramId":"water"},{"score":1.0,"param":"Bekämpningsmedel","paramId":"pesticides"},{"score":1.0,"param":"Övergödning","paramId":"eutrophication"},{"score":null,"param":"Djuromsorg och antibiotika","paramId":"animal_welfare_antibiotics"},{"score":3.0,"param":"Arbetsförhållanden","paramId":"working_conditions"},{"score":3.0,"param":"Lokalbefolkning","paramId":"local_population"},{"score":1.0,"param":"Lagefterlevnad och spårbarhet","paramId":"compliance_traceability"}]}],"sustainabilityInfoApplicable":true},{"id":"7340011309635","type":"Product","ean":"7340011309635","name":"Färskpotatis Eko","manufacturerName":"Änglamark","imageUrl":"http://res.cloudinary.com/coopsverige/image/upload/v1439902784/48466.tiff","navCategories":[{"code":"32466","name":"Potatis","superCategories":[{"code":"32361","name":"Grönsaker","superCategories":[{"code":"16534","name":"Frukt & Grönsaker","superCategories":[]}]}]}],"accreditedTags":[{"code":"NYCKELHALET","description":"Nyckelhålet","imageUrl":"https://res.cloudinary.com/coopsverige/image/upload/v1618910221/cooponline/Labels%27/nyckelhal_RGB.png","priority":240},{"code":"EU_ORGANIC_FARMING","description":"EU Lövet","imageUrl":"https://res.cloudinary.com/coopsverige/image/upload/cooponline/produktmarkning/EUOrganicFarmingLogo.jpg","priority":180},{"code":"KRAV_MARK","description":"KRAV","imageUrl":"https://res.cloudinary.com/coopsverige/image/upload/v1750847718/cooponline/Icons/2025/krav-logo_z2ptpn.png","priority":100}],"packageSize":2000.0,"packageSizeInformation":"2000 g","packageSizeUnit":"Gram","salesPrice":42.95,"salesPriceData":{"b2cPrice":42.95,"b2bPrice":38.35},"piecePrice":42.95,"piecePriceData":{"b2cPrice":42.95,"b2bPrice":38.35},"salesUnit":"Styck","comparativePriceText":"kr/kg","comparativePriceUnit":{"unit":"kg","text":"kr/kg"},"comparativePrice":21.48,"comparativePriceData":{"b2cPrice":21.48,"b2bPrice":19.18},"articleSold":false,"deposit":0.0,"depositData":{"b2cPrice":0.0,"b2bPrice":0.0},"vat":{"code":"vat-full-2","value":12.0,"type":"Percentage"},"animalFoodData":{},"fromSweden":false,"availableOnline":true,"isMagazine":false,"nutrientBasis":{},"originCountry":{"code":"SWEDEN","value":"Sverige"},"replacementCountries":[],"pharmaceuticalData":{"isPharmaceutical":false},"sustainabilityInfo":[{"productScore":[{"score":1.0,"param":"Biologisk mångfald","paramId":"biodiversity"},{"score":1.0,"param":"Klimat","paramId":"climate"},{"score":1.0,"param":"Bördighet","paramId":"soil_fertility"},{"score":1.0,"param":"Vatten","paramId":"water"},{"score":1.0,"param":"Bekämpningsmedel","paramId":"pesticides"},{"score":1.0,"param":"Övergödning","paramId":"eutrophication"},{"score":null,"param":"Djuromsorg och antibiotika","paramId":"animal_welfare_antibiotics"},{"score":1.0,"param":"Arbetsförhållanden","paramId":"working_conditions"},{"score":1.0,"param":"Lokalbefolkning","paramId":"local_population"},{"score":1.0,"param":"Lagefterlevnad och spårbarhet","paramId":"compliance_traceability"}]}],"sustainabilityInfoApplicable":true}]}}
---
{"results":{"count":200,"facets":[{"name":"brand","items":[{"item":"COOP","count":46,"selected":false},{"item":"Änglamark","count":32,"selected":false},{"item":"Dole","count":3,"selected":false},{"item":"Andreas Uppgård","count":2,"selected":false},{"item":"Steglinge","count":1,"selected":false},{"item":"SydGrönt","count":1,"selected":false},{"item":"Xtra","count":1,"selected":false}]},{"name":"environmentalLabels","items":[{"item":"Ekologiskt","count":39,"selected":false},{"item":"KRAV","count":33,"selected":false},{"item":"Nyckelhålet","count":17,"selected":false},{"item":"Svenskt ursprung","count":4,"selected":false},{"item":"Lokalt","count":2,"selected":false}]}],"items":[{"id":"8413567031042","type":"Product","ean":"8413567031042","name":"Majs Förkokt 2-pack","imageUrl":"http://res.cloudinary.com/coopsverige/image/upload/v1445542727/81197.tiff","navCategories":[{"code":"32426","name":"Övriga Grönsaker","superCategories":[{"code":"32361","name":"Grönsaker","superCategories":[{"code":"16534","name":"Frukt & Grönsaker","superCategories":[]}]}]}],"packageSize":400.0,"packageSizeInformation":"400 gram ungefärlig vikt","packageSizeUnit":"gram ungefärlig vikt","pieceWeight":0.4,"salesPrice":29.95,"salesPriceData":{"b2cPrice":29.95,"b2bPrice":26.74},"piecePrice":29.95,"piecePriceData":{"b2cPrice":29.95,"b2bPrice":26.74},"salesUnit":"Styck","comparativePriceText":"kr/kg","comparativePriceUnit":{"unit":"kg","text":"kr/kg"},"comparativePrice":74.88,"comparativePriceData":{"b2cPrice":74.88,"b2bPrice":66.86},"articleSold":false,"deposit":0.0,"depositData":{"b2cPrice":0.0,"b2bPrice":0.0},"vat":{"code":"vat-full-2","value":12.0,"type":"Percentage"},"animalFoodData":{},"fromSweden":false,"availableOnline":true,"isMagazine":false,"nutrientBasis":{},"originCountry":{"code":"SPAIN","value":"Spanien"},"replacementCountries":[],"class":"Klass 1","pharmaceuticalData":{"isPharmaceutical":false},"sustainabilityInfo":[{"productScore":[{"score":2.0,"param":"Biologisk mångfald","paramId":"biodiversity"},{"score":1.0,"param":"Klimat","paramId":"climate"},{"score":2.0,"param":"Bördighet","paramId":"soil_fertility"},{"score":2.0,"param":"Vatten","paramId":"water"},{"score":2.0,"param":"Bekämpningsmedel","paramId":"pesticides"},{"score":2.0,"param":"Övergödning","paramId":"eutrophication"},{"score":null,"param":"Djuromsorg och antibiotika","paramId":"animal_welfare_antibiotics"},{"score":2.5,"param":"Arbetsförhållanden","paramId":"working_conditions"},{"score":3.0,"param":"Lokalbefolkning","paramId":"local_population"},{"score":3.0,"param":"Lagefterlevnad och spårbarhet","paramId":"compliance_traceability"}]}],"sustainabilityInfoApplicable":true},{"id":"2339474700009","type":"Product","ean":"2339474700009","name":"Kålrot Eko","description":"Produkten varierar något i storlek och vikt. När du handlar hos oss visar vi en uppskattad vikt för varan och ett pris baserat på kilopriset. Ni debiteras efter vi plockat ihop era varor den verkliga vikten.<br> Vi garanterar att du alltid betalar för varans verkliga vikt.","imageUrl":"http://res.cloudinary.com/coopsverige/image/upload/v1440063658/49760.tiff","navCategories":[{"code":"32472","name":"Övriga Rotfrukter","superCategories":[{"code":"32361","name":"Grönsaker","superCategories":[{"code":"16534","name":"Frukt & Grönsaker","superCategories":[]}]}]}],"accreditedTags":[{"code":"EU_ORGANIC_FARMING","description":"EU Lövet","imageUrl":"https://res.cloudinary.com/coopsverige/image/upload/cooponline/produktmarkning/EUOrganicFarmingLogo.jpg","priority":180}],"packageSize":425.0,"packageSizeInformation":"425 gram ungefärlig vikt","packageSizeUnit":"gram ungefärlig vikt","pieceWeight":0.425,"salesPrice":44.95,"salesPriceData":{"b2cPrice":44.95,"b2bPrice":40.13},"piecePrice":19.1,"piecePriceData":{"b2cPrice":19.1,"b2bPrice":17.05},"salesUnit":"Vikt","comparativePriceText":"kr/kg","comparativePriceUnit":{"unit":"kg","text":"kr/kg"},"comparativePrice":44.95,"comparativePriceData":{"b2cPrice":44.95,"b2bPrice":40.13},"articleSold":false,"deposit":0.0,"depositData":{"b2cPrice":0.0,"b2bPrice":0.0},"vat":{"code":"vat-full-2","value":12.0,"type":"Percentage"},"animalFoodData":{},"fromSweden":false,"availableOnline":true,"isMagazine":false,"nutrientBasis":{},"originCountry":{"code":"SWEDEN","value":"Sverige"},"replacementCountries":[],"class":"Klass 1","pharmaceuticalData":{"isPharmaceutical":false},"sustainabilityInfo":[{"productScore":[{"score":1.0,"param":"Biologisk mångfald","paramId":"biodiversity"},{"score":1.0,"param":"Klimat","paramId":"climate"},{"score":1.0,"param":"Bördighet","paramId":"soil_fertility"},{"score":1.5,"param":"Vatten","paramId":"water"},{"score":1.0,"param":"Bekämpningsmedel","paramId":"pesticides"},{"score":1.0,"param":"Övergödning","paramId":"eutrophication"},{"score":null,"param":"Djuromsorg och antibiotika","paramId":"animal_welfare_antibiotics"},{"score":2.0,"param":"Arbetsförhållanden","paramId":"working_conditions"},{"score":1.0,"param":"Lokalbefolkning","paramId":"local_population"},{"score":1.0,"param":"Lagefterlevnad och spårbarhet","paramId":"compliance_traceability"}]}],"sustainabilityInfoApplicable":true},{"id":"7323130119569","type":"Product","ean":"7323130119569","name":"Dill","imageUrl":"http://res.cloudinary.com/coopsverige/image/upload/v1730889529/cloud/400235.jpg","navCategories":[{"code":"334462","name":"Färska örter & Smaksättare","superCategories":[{"code":"32361","name":"Grönsaker","superCategories":[{"code":"16534","name":"Frukt & Grönsaker","superCategories":[]}]}]}],"packageSizeInformation":"20 g","salesPrice":12.95,"salesPriceData":{"b2cPrice":12.95,"b2bPrice":11.56},"piecePrice":12.95,"piecePriceData":{"b2cPrice":12.95,"b2bPrice":11.56},"salesUnit":"Styck","comparativePriceText":"kr/kg","comparativePriceUnit":{"unit":"kg","text":"kr/kg"},"comparativePrice":647.5,"comparativePriceData":{"b2cPrice":647.5,"b2bPrice":578.13},"articleSold":false,"deposit":0.0,"depositData":{"b2cPrice":0.0,"b2bPrice":0.0},"vat":{"code":"vat-full-2","value":12.0,"type":"Percentage"},"animalFoodData":{},"onlinePromotions":[{"id":"016001_36101","price":22.0,"priceData":{"b2cPrice":22.0,"b2bPrice":19.64},"startDate":"2025-08-31T22:00:00Z","endDate":"2025-09-07T22:00:00Z","message":"ÖRTER 2 FÖR 22 KR-2 för 22:-","type":"MULTI_BUY_FIXED_PRICE","numberOfProductRequired":2,"medMeraRequired":false,"priority":910,"comparativePrice":{"b2cPrice":550.0,"b2bPrice":491.07},"higherThanHistoricalPrice":false}],"fromSweden":false,"availableOnline":true,"isMagazine":false,"nutrientBasis":{},"originCountry":{"code":"ITALY","value":"Italien"},"replacementCountries":[],"pharmaceuticalData":{"isPharmaceutical":false},"sustainabilityInfoApplicable":true},{"id":"7300156574978","type":"Product","ean":"7300156574978","name":"Avokado","imageUrl":"http://res.cloudinary.com/coopsverige/image/upload/v1556783223/371646.tiff","navCategories":[{"code":"334453","name":"Avokado","superCategories":[{"code":"32361","name":"Grönsaker","superCategories":[{"code":"16534","name":"Frukt & Grönsaker","superCategories":[]}]}]}],"packageSize":170.0,"packageSizeInformation":"170 gram ungefärlig vikt","packageSizeUnit":"gram ungefärlig vikt","pieceWeight":0.17,"salesPrice":12.95,"salesPriceData":{"b2cPrice":12.95,"b2bPrice":11.56},"piecePrice":12.95,"piecePriceData":{"b2cPrice":12.95,"b2bPrice":11.56},"salesUnit":"Styck","comparativePriceText":"kr/st","comparativePriceUnit":{"unit":"styck","text":"kr/st"},"comparativePrice":4.32,"comparativePriceData":{"b2cPrice":4.32,"b2bPrice":3.86},"articleSold":false,"deposit":0.0,"depositData":{"b2cPrice":0.0,"b2bPrice":0.0},"vat":{"code":"vat-full-2","value":12.0,"type":"Percentage"},"animalFoodData":{},"onlinePromotions":[{"id":"016001_36112","price":22.0,"priceData":{"b2cPrice":22.0,"b2bPrice":19.64},"startDate":"2025-08-31T22:00:00Z","endDate":"2025-09-07T22:00:00Z","message":"AVOKADO 2 FÖR 22 KR-2 för 22:-","type":"MULTI_BUY_FIXED_PRICE","numberOfProductRequired":2,"medMeraRequired":false,"priority":910,"comparativePrice":{"b2cPrice":3.67,"b2bPrice":3.28},"higherThanHistoricalPrice":false}],"fromSweden":false,"availableOnline":true,"isMagazine":false,"nutrientBasis":{},"originCountry":{"code":"CHILE","value":"Chile"},"replacementCountries":[],"class":"Klass 1","pharmaceuticalData":{"isPharmaceutical":false},"sustainabilityInfo":[{"productScore":[{"score":2.0,"param":"Biologisk mångfald","paramId":"biodiversity"},{"score":2.5,"param":"Klimat","paramId":"climate"},{"score":2.0,"param":"Bördighet","paramId":"soil_fertility"},{"score":2.0,"param":"Vatten","paramId":"water"},{"score":2.0,"param":"Bekämpningsmedel","paramId":"pesticides"},{"score":2.0,"param":"Övergödning","paramId":"eutrophication"},{"score":null,"param":"Djuromsorg och antibiotika","paramId":"animal_welfare_antibiotics"},{"score":3.0,"param":"Arbetsförhållanden","paramId":"working_conditions"},{"score":3.5,"param":"Lokalbefolkning","paramId":"local_population"},{"score":2.5,"param":"Lagefterlevnad och spårbarhet","paramId":"compliance_traceability"}]}],"sustainabilityInfoApplicable":true},{"id":"9480200349610","type":"Product","ean":"9480200349610","name":"Rädisa 300 gr","imageUrl":"http://res.cloudinary.com/coopsverige/image/upload/v1688646478/cloud/285601.tiff","navCategories":[{"code":"32426","name":"Övriga Grönsaker","superCategories":[{"code":"32361","name":"Grönsaker","superCategories":[{"code":"16534","name":"Frukt & Grönsaker","superCategories":[]}]}]}],"packageSizeInformation":"300 g","salesPrice":24.95,"salesPriceData":{"b2cPrice":24.95,"b2bPrice":22.28},"piecePrice":24.95,"piecePriceData":{"b2cPrice":24.95,"b2bPrice":22.28},"salesUnit":"Styck","comparativePriceText":"kr/kg","comparativePriceUnit":{"unit":"kg","text":"kr/kg"},"comparativePrice":83.17,"comparativePriceData":{"b2cPrice":83.17,"b2bPrice":74.26},"articleSold":false,"deposit":0.0,"depositData":{"b2cPrice":0.0,"b2bPrice":0.0},"vat":{"code":"vat-full-2","value":12.0,"type":"Percentage"},"animalFoodData":{},"fromSweden":false,"availableOnline":true,"isMagazine":false,"nutrientBasis":{},"originCountry":{"code":"THE NETHERLANDS","value":"Nederländerna"},"replacementCountries":[],"class":"Klass 1","pharmaceuticalData":{"isPharmaceutical":false},"sustainabilityInfoApplicable":true},{"id":"7340007919794","type":"Product","ean":"7340007919794","name":"Rädisor 500 Gr","imageUrl":"http://res.cloudinary.com/coopsverige/image/upload/v1684828329/cloud/281177.tiff","navCategories":[{"code":"32426","name":"Övriga Grönsaker","superCategories":[{"code":"32361","name":"Grönsaker","superCategories":[{"code":"16534","name":"Frukt & Grönsaker","superCategories":[]}]}]}],"packageSizeInformation":"500 gr","salesPrice":25.0,"salesPriceData":{"b2cPrice":25.0,"b2bPrice":22.32},"piecePrice":25.0,"piecePriceData":{"b2cPrice":25.0,"b2bPrice":22.32},"salesUnit":"Styck","comparativePriceText":"kr/kg","comparativePriceUnit":{"unit":"kg","text":"kr/kg"},"comparativePrice":50.0,"comparativePriceData":{"b2cPrice":50.0,"b2bPrice":44.64},"articleSold":false,"deposit":0.0,"depositData":{"b2cPrice":0.0,"b2bPrice":0.0},"vat":{"code":"vat-full-2","value":12.0,"type":"Percentage"},"animalFoodData":{},"fromSweden":false,"availableOnline":true,"isMagazine":false,"nutrientBasis":{},"originCountry":{"code":"THE NETHERLANDS","value":"Nederländerna"},"replacementCountries":[],"class":"Klass 1","sustainabilityInfo":[{"productScore":[{"score":2.0,"param":"Biologisk mångfald","paramId":"biodiversity"},{"score":1.0,"param":"Klimat","paramId":"climate"},{"score":2.0,"param":"Bördighet","paramId":"soil_fertility"},{"score":2.0,"param":"Vatten","paramId":"water"},{"score":2.0,"param":"Bekämpningsmedel","paramId":"pesticides"},{"score":2.0,"param":"Övergödning","paramId":"eutrophication"},{"score":null,"param":"Djuromsorg och antibiotika","paramId":"animal_welfare_antibiotics"},{"score":2.5,"param":"Arbetsförhållanden","paramId":"working_conditions"},{"score":4.0,"param":"Lokalbefolkning","paramId":"local_population"},{"score":3.0,"param":"Lagefterlevnad och spårbarhet","paramId":"compliance_traceability"}]}],"sustainabilityInfoApplicable":true},{"id":"4014071051171","type":"Product","ean":"4014071051171","name":"Ananas","imageUrl":"http://res.cloudinary.com/coopsverige/image/upload/v1443438920/47774.tiff","navCategories":[{"code":"334463","name":"Ananas","superCategories":[{"code":"32484","name":"Frukt & bär","superCategories":[{"code":"16534","name":"Frukt & Grönsaker","superCategories":[]}]}]}],"packageSize":1000.0,"packageSizeInformation":"1000 gram ungefärlig vikt","packageSizeUnit":"gram ungefärlig vikt","pieceWeight":1.0,"salesPrice":28.95,"salesPriceData":{"b2cPrice":28.95,"b2bPrice":25.85},"piecePrice":28.95,"piecePriceData":{"b2cPrice":28.95,"b2bPrice":25.85},"salesUnit":"Styck","comparativePriceText":"kr/kg","comparativePriceUnit":{"unit":"kg","text":"kr/kg"},"comparativePrice":1447.5,"comparativePriceData":{"b2cPrice":1447.5,"b2bPrice":1292.41},"articleSold":false,"deposit":0.0,"depositData":{"b2cPrice":0.0,"b2bPrice":0.0},"vat":{"code":"vat-full-2","value":12.0,"type":"Percentage"},"animalFoodData":{},"fromSweden":false,"availableOnline":true,"isMagazine":false,"nutrientBasis":{},"originCountry":{"code":"COSTA RICA","value":"Costa Rica"},"replacementCountries":[],"class":"Klass 1","pharmaceuticalData":{"isPharmaceutical":false},"sustainabilityInfoApplicable":true},{"id":"6191514300176","type":"Product","ean":"6191514300176","name":"Dadlar Färska","imageUrl":"http://res.cloudinary.com/coopsverige/image/upload/v1713339444/cloud/345553.jpg","navCategories":[{"code":"334466","name":"Övrig exotisk frukt","superCategories":[{"code":"32484","name":"Frukt & bär","superCategories":[{"code":"16534","name":"Frukt & Grönsaker","superCategories":[]}]}]}],"packageSizeInformation":"200 g","salesPrice":14.95,"salesPriceData":{"b2cPrice":14.95,"b2bPrice":13.35},"piecePrice":14.95,"piecePriceData":{"b2cPrice":14.95,"b2bPrice":13.35},"salesUnit":"Styck","comparativePriceText":"kr/kg","comparativePriceUnit":{"unit":"kg","text":"kr/kg"},"comparativePrice":74.75,"comparativePriceData":{"b2cPrice":74.75,"b2bPrice":66.74},"articleSold":false,"deposit":0.0,"depositData":{"b2cPrice":0.0,"b2bPrice":0.0},"vat":{"code":"vat-full-2","value":12.0,"type":"Percentage"},"animalFoodData":{},"fromSweden":false,"availableOnline":true,"isMagazine":false,"nutrientBasis":{},"originCountry":{"code":"TUNISIA","value":"Tunisien"},"replacementCountries":[],"pharmaceuticalData":{"isPharmaceutical":false},"sustainabilityInfoApplicable":true},{"id":"8053853890009","type":"Product","ean":"8053853890009","name":"Broccoli Eko","imageUrl":"http://res.cloudinary.com/coopsverige/image/upload/v1645118390/cloud/25041.tiff","navCategories":[{"code":"334457","name":"Blomkål & Broccoli","superCategories":[{"code":"32361","name":"Grönsaker","superCategories":[{"code":"16534","name":"Frukt & Grönsaker","superCategories":[]}]}]}],"packageSizeInformation":"250 g","salesPrice":37.95,"salesPriceData":{"b2cPrice":37.95,"b2bPrice":33.88},"piecePrice":37.95,"piecePriceData":{"b2cPrice":37.95,"b2bPrice":33.88},"salesUnit":"Styck","comparativePriceText":"","comparativePrice":91.8,"comparativePriceData":{"b2cPrice":91.8,"b2bPrice":81.96},"articleSold":false,"deposit":0.0,"depositData":{"b2cPrice":0.0,"b2bPrice":0.0},"vat":{"code":"vat-full-2","value":12.0,"type":"Percentage"},"animalFoodData":{},"fromSweden":false,"availableOnline":true,"isMagazine":false,"nutrientBasis":{},"originCountry":{"code":"ITALY","value":"Italien"},"replacementCountries":[],"class":"Klass 1","pharmaceuticalData":{"isPharmaceutical":false},"sustainabilityInfoApplicable":true},{"id":"7300156500557","type":"Product","ean":"7300156500557","name":"Snackmorötter Eko","manufacturerName":"Änglamark","imageUrl":"http://res.cloudinary.com/coopsverige/image/upload/v1651849834/cloud/251620.png","navCategories":[{"code":"32470","name":"Morötter","superCategories":[{"code":"32361","name":"Grönsaker","superCategories":[{"code":"16534","name":"Frukt & Grönsaker","superCategories":[]}]}]}],"accreditedTags":[{"code":"EU_ORGANIC_FARMING","description":"EU Lövet","imageUrl":"https://res.cloudinary.com/coopsverige/image/upload/cooponline/produktmarkning/EUOrganicFarmingLogo.jpg","priority":180},{"code":"KRAV_MARK","description":"KRAV","imageUrl":"https://res.cloudinary.com/coopsverige/image/upload/v1750847718/cooponline/Icons/2025/krav-logo_z2ptpn.png","priority":100}],"packageSize":150.0,"packageSizeInformation":"150 g","packageSizeUnit":"Gram","salesPrice":16.95,"salesPriceData":{"b2cPrice":16.95,"b2bPrice":15.13},"piecePrice":16.95,"piecePriceData":{"b2cPrice":16.95,"b2bPrice":15.13},"salesUnit":"Styck","comparativePriceText":"kr/kg","comparativePriceUnit":{"unit":"kg","text":"kr/kg"},"comparativePrice":113.0,"comparativePriceData":{"b2cPrice":113.0,"b2bPrice":100.89},"articleSold":false,"deposit":0.0,"depositData":{"b2cPrice":0.0,"b2bPrice":0.0},"vat":{"code":"vat-full-2","value":12.0,"type":"Percentage"},"animalFoodData":{},"fromSweden":false,"availableOnline":true,"isMagazine":false,"nutrientBasis":{},"originCountry":{"code":"DENMARK","value":"Danmark"},"replacementCountries":[],"class":"Klass 1","pharmaceuticalData":{"isPharmaceutical":false},"sustainabilityInfo":[{"productScore":[{"score":1.0,"param":"Biologisk mångfald","paramId":"biodiversity"},{"score":1.0,"param":"Klimat","paramId":"climate"},{"score":1.0,"param":"Bördighet","paramId":"soil_fertility"},{"score":2.0,"param":"Vatten","paramId":"water"},{"score":1.0,"param":"Bekämpningsmedel","paramId":"pesticides"},{"score":1.0,"param":"Övergödning","paramId":"eutrophication"},{"score":null,"param":"Djuromsorg och antibiotika","paramId":"animal_welfare_antibiotics"},{"score":1.0,"param":"Arbetsförhållanden","paramId":"working_conditions"},{"score":1.0,"param":"Lokalbefolkning","paramId":"local_population"},{"score":1.0,"param":"Lagefterlevnad och spårbarhet","paramId":"compliance_traceability"}]}],"sustainabilityInfoApplicable":true},{"id":"7300156598776","type":"Product","ean":"7300156598776","name":"Rucola Eko","manufacturerName":"Änglamark","description":"Ekologisk Rucola. Sköljd och färdig att ätas.","imageUrl":"http://res.cloudinary.com/coopsverige/image/upload/v1730104836/cloud/397274.tiff","listOfIngredients":"Rucola ekologisk 100%","navCategories":[{"code":"334460","name":"Färdigskuret","superCategories":[{"code":"32361","name":"Grönsaker","superCategories":[{"code":"16534","name":"Frukt & Grönsaker","superCategories":[]}]}]}],"accreditedTags":[{"code":"NYCKELHALET","description":"Nyckelhålet","imageUrl":"https://res.cloudinary.com/coopsverige/image/upload/v1618910221/cooponline/Labels%27/nyckelhal_RGB.png","priority":240},{"code":"EU_ORGANIC_FARMING","description":"EU Lövet","imageUrl":"https://res.cloudinary.com/coopsverige/image/upload/cooponline/produktmarkning/EUOrganicFarmingLogo.jpg","priority":180},{"code":"KRAV_MARK","description":"KRAV","imageUrl":"https://res.cloudinary.com/coopsverige/image/upload/v1750847718/cooponline/Icons/2025/krav-logo_z2ptpn.png","priority":100}],"maxStorageTemperature":"4","packageSize":65.0,"packageSizeInformation":"65 g","packageSizeUnit":"Gram","salesPrice":16.95,"salesPriceData":{"b2cPrice":16.95,"b2bPrice":15.13},"piecePrice":16.95,"piecePriceData":{"b2cPrice":16.95,"b2bPrice":15.13},"salesUnit":"Styck","comparativePriceText":"kr/kg","comparativePriceUnit":{"unit":"kg","text":"kr/kg"},"comparativePrice":260.77,"comparativePriceData":{"b2cPrice":260.77,"b2bPrice":232.83},"articleSold":false,"deposit":0.0,"depositData":{"b2cPrice":0.0,"b2bPrice":0.0},"vat":{"code":"vat-full-2","value":12.0,"type":"Percentage"},"nutrientLinks":[{"amount":["28"],"description":"Energi","unit":"Kilokalori"},{"amount":["115"],"description":"Energi","unit":"Kilojoule"},{"amount":["0.7"],"description":"Fett","unit":"Gram"},{"amount":["0.1"],"description":"Varav mättat fett","unit":"Gram"},{"amount":["0"],"description":"Varav enkelomättat fett","unit":"Gram"},{"amount":["0"],"description":"Varav fleromättat fett","unit":"Gram"},{"amount":["2"],"description":"Kolhydrat","unit":"Gram"},{"amount":["0.9"],"description":"Varav sockerarter","unit":"Gram"},{"amount":["2.6"],"description":"Protein","unit":"Gram"},{"amount":["0"],"description":"Salt","unit":"Gram"}],"animalFoodData":{},"fromSweden":false,"availableOnline":true,"countryOfOriginCodes":[{"code":"752","value":"Sverige"}],"isMagazine":false,"nutrientBasis":{"quantity":100.0},"originCountry":{"code":"SWEDEN","value":"Sverige"},"replacementCountries":[],"pharmaceuticalData":{"isPharmaceutical":false},"nutrientInformation":[{"header":{"nutrientBasisQuantity":100.0,"nutrientBasisQuantityType":"BY_MEASURE","nutrientBasisQuantityUnit":{"code":"GRM","value":"Gram"}}}],"sustainabilityInfoApplicable":true},{"id":"7340011406938","type":"Product","ean":"7340011406938","name":"Koriander Eko","manufacturerName":"Änglamark","imageUrl":"http://res.cloudinary.com/coopsverige/image/upload/v1634124323/cloud/236494.tiff","navCategories":[{"code":"334462","name":"Färska örter & Smaksättare","superCategories":[{"code":"32361","name":"Grönsaker","superCategories":[{"code":"16534","name":"Frukt & Grönsaker","superCategories":[]}]}]}],"accreditedTags":[{"code":"NYCKELHALET","description":"Nyckelhålet","imageUrl":"https://res.cloudinary.com/coopsverige/image/upload/v1618910221/cooponline/Labels%27/nyckelhal_RGB.png","priority":240},{"code":"EU_ORGANIC_FARMING","description":"EU Lövet","imageUrl":"https://res.cloudinary.com/coopsverige/image/upload/cooponline/produktmarkning/EUOrganicFarmingLogo.jpg","priority":180},{"code":"KRAV_MARK","description":"KRAV","imageUrl":"https://res.cloudinary.com/coopsverige/image/upload/v1750847718/cooponline/Icons/2025/krav-logo_z2ptpn.png","priority":100}],"packageSize":35.0,"packageSizeInformation":"35 g","packageSizeUnit":"Gram","salesPrice":21.95,"salesPriceData":{"b2cPrice":21.95,"b2bPrice":19.6},"piecePrice":21.95,"piecePriceData":{"b2cPrice":21.95,"b2bPrice":19.6},"salesUnit":"Styck","comparativePriceText":"kr/kg","comparativePriceUnit":{"unit":"kg","text":"kr/kg"},"comparativePrice":627.14,"comparativePriceData":{"b2cPrice":627.14,"b2bPrice":559.95},"articleSold":false,"deposit":0.0,"depositData":{"b2cPrice":0.0,"b2bPrice":0.0},"vat":{"code":"vat-full-2","value":12.0,"type":"Percentage"},"animalFoodData":{},"fromSweden":false,"availableOnline":true,"isMagazine":false,"nutrientBasis":{},"originCountry":{"code":"SWEDEN","value":"Sverige"},"replacementCountries":[],"pharmaceuticalData":{"isPharmaceutical":false},"sustainabilityInfoApplicable":true},{"id":"7340011407003","type":"Product","ean":"7340011407003","name":"Persilja Eko Kruka","manufacturerName":"Änglamark","imageUrl":"http://res.cloudinary.com/coopsverige/image/upload/v1634124341/cloud/236497.tiff","navCategories":[{"code":"334462","name":"Färska örter & Smaksättare","superCategories":[{"code":"32361","name":"Grönsaker","superCategories":[{"code":"16534","name":"Frukt & Grönsaker","superCategories":[]}]}]}],"accreditedTags":[{"code":"EU_ORGANIC_FARMING","description":"EU Lövet","imageUrl":"https://res.cloudinary.com/coopsverige/image/upload/cooponline/produktmarkning/EUOrganicFarmingLogo.jpg","priority":180},{"code":"KRAV_MARK","description":"KRAV","imageUrl":"https://res.cloudinary.com/coopsverige/image/upload/v1750847718/cooponline/Icons/2025/krav-logo_z2ptpn.png","priority":100}],"packageSize":35.0,"packageSizeInformation":"35 g","packageSizeUnit":"Gram","salesPrice":19.95,"salesPriceData":{"b2cPrice":19.95,"b2bPrice":17.81},"piecePrice":19.95,"piecePriceData":{"b2cPrice":19.95,"b2bPrice":17.81},"salesUnit":"Styck","comparativePriceText":"kr/kg","comparativePriceUnit":{"unit":"kg","text":"kr/kg"},"comparativePrice":570.0,"comparativePriceData":{"b2cPrice":570.0,"b2bPrice":508.93},"articleSold":false,"deposit":0.0,"depositData":{"b2cPrice":0.0,"b2bPrice":0.0},"vat":{"code":"vat-full-2","value":12.0,"type":"Percentage"},"animalFoodData":{},"fromSweden":false,"availableOnline":true,"isMagazine":false,"nutrientBasis":{},"originCountry":{"code":"SWEDEN","value":"Sverige"},"replacementCountries":[],"pharmaceuticalData":{"isPharmaceutical":false},"sustainabilityInfoApplicable":true},{"id":"7340007919787","type":"Product","ean":"7340007919787","name":"Zucchini Eko ","imageUrl":"http://res.cloudinary.com/coopsverige/image/upload/v1633096922/cloud/235293.jpg","navCategories":[{"code":"334461","name":"Zucchini & Aubergine","superCategories":[{"code":"32361","name":"Grönsaker","superCategories":[{"code":"16534","name":"Frukt & Grönsaker","superCategories":[]}]}]}],"accreditedTags":[{"code":"EU_ORGANIC_FARMING","description":"EU Lövet","imageUrl":"https://res.cloudinary.com/coopsverige/image/upload/cooponline/produktmarkning/EUOrganicFarmingLogo.jpg","priority":180}],"packageSize":360.0,"packageSizeInformation":"360 gram ungefärlig vikt","packageSizeUnit":"gram ungefärlig vikt","pieceWeight":0.36,"salesPrice":17.95,"salesPriceData":{"b2cPrice":17.95,"b2bPrice":16.03},"piecePrice":17.95,"piecePriceData":{"b2cPrice":17.95,"b2bPrice":16.03},"salesUnit":"Styck","comparativePriceText":"kr/kg","comparativePriceUnit":{"unit":"kg","text":"kr/kg"},"comparativePrice":49.86,"comparativePriceData":{"b2cPrice":49.86,"b2bPrice":44.52},"articleSold":false,"deposit":0.0,"depositData":{"b2cPrice":0.0,"b2bPrice":0.0},"vat":{"code":"vat-full-2","value":12.0,"type":"Percentage"},"animalFoodData":{},"fromSweden":false,"availableOnline":true,"isMagazine":false,"nutrientBasis":{},"originCountry":{"code":"SPAIN","value":"Spanien"},"replacementCountries":[],"class":"Klass 1","pharmaceuticalData":{"isPharmaceutical":false},"sustainabilityInfo":[{"productScore":[{"score":1.0,"param":"Biologisk mångfald","paramId":"biodiversity"},{"score":1.0,"param":"Klimat","paramId":"climate"},{"score":1.0,"param":"Bördighet","paramId":"soil_fertility"},{"score":1.0,"param":"Vatten","paramId":"water"},{"score":1.0,"param":"Bekämpningsmedel","paramId":"pesticides"},{"score":1.0,"param":"Övergödning","paramId":"eutrophication"},{"score":null,"param":"Djuromsorg och antibiotika","paramId":"animal_welfare_antibiotics"},{"score":1.0,"param":"Arbetsförhållanden","paramId":"working_conditions"},{"score":1.0,"param":"Lokalbefolkning","paramId":"local_population"},{"score":1.0,"param":"Lagefterlevnad och spårbarhet","paramId":"compliance_traceability"}]}],"sustainabilityInfoApplicable":true},{"id":"7300156599872","type":"Product","ean":"7300156599872","name":"Gräslök","manufacturerName":"COOP","imageUrl":"http://res.cloudinary.com/coopsverige/image/upload/v1749108744/cloud/486703.jpg","navCategories":[{"code":"334462","name":"Färska örter & Smaksättare","superCategories":[{"code":"32361","name":"Grönsaker","superCategories":[{"code":"16534","name":"Frukt & Grönsaker","superCategories":[]}]}]}],"packageSize":20.0,"packageSizeInformation":"20 g","packageSizeUnit":"Gram","salesPrice":12.95,"salesPriceData":{"b2cPrice":12.95,"b2bPrice":11.56},"piecePrice":12.95,"piecePriceData":{"b2cPrice":12.95,"b2bPrice":11.56},"salesUnit":"Styck","comparativePriceText":"kr/kg","comparativePriceUnit":{"unit":"kg","text":"kr/kg"},"comparativePrice":647.5,"comparativePriceData":{"b2cPrice":647.5,"b2bPrice":578.13},"articleSold":false,"deposit":0.0,"depositData":{"b2cPrice":0.0,"b2bPrice":0.0},"vat":{"code":"vat-full-2","value":12.0,"type":"Percentage"},"animalFoodData":{},"onlinePromotions":[{"id":"016001_36101","price":22.0,"priceData":{"b2cPrice":22.0,"b2bPrice":19.64},"startDate":"2025-08-31T22:00:00Z","endDate":"2025-09-07T22:00:00Z","message":"ÖRTER 2 FÖR 22 KR-2 för 22:-","type":"MULTI_BUY_FIXED_PRICE","numberOfProductRequired":2,"medMeraRequired":false,"priority":910,"comparativePrice":{"b2cPrice":550.0,"b2bPrice":491.07},"higherThanHistoricalPrice":false}],"fromSweden":false,"availableOnline":true,"isMagazine":false,"nutrientBasis":{},"originCountry":{"code":"SWEDEN","value":"Sverige"},"replacementCountries":[],"pharmaceuticalData":{"isPharmaceutical":false},"sustainabilityInfoApplicable":true},{"id":"7340007928536","type":"Product","ean":"7340007928536","name":"Chillimix Peppar","imageUrl":"http://res.cloudinary.com/coopsverige/image/upload/v1726576893/cloud/386382.jpg","navCategories":[{"code":"334462","name":"Färska örter & Smaksättare","superCategories":[{"code":"32361","name":"Grönsaker","superCategories":[{"code":"16534","name":"Frukt & Grönsaker","superCategories":[]}]}]}],"packageSizeInformation":"50 g","salesPrice":20.0,"salesPriceData":{"b2cPrice":20.0,"b2bPrice":17.86},"piecePrice":20.0,"piecePriceData":{"b2cPrice":20.0,"b2bPrice":17.86},"salesUnit":"Styck","comparativePriceText":"kr/kg","comparativePriceUnit":{"unit":"kg","text":"kr/kg"},"comparativePrice":400.0,"comparativePriceData":{"b2cPrice":400.0,"b2bPrice":357.14},"articleSold":false,"deposit":0.0,"depositData":{"b2cPrice":0.0,"b2bPrice":0.0},"vat":{"code":"vat-full-2","value":12.0,"type":"Percentage"},"animalFoodData":{},"fromSweden":false,"availableOnline":true,"isMagazine":false,"nutrientBasis":{},"originCountry":{"code":"THE NETHERLANDS","value":"Nederländerna"},"replacementCountries":[],"pharmaceuticalData":{"isPharmaceutical":false},"sustainabilityInfo":[{"productScore":[{"score":2.0,"param":"Biologisk mångfald","paramId":"biodiversity"},{"score":2.0,"param":"Klimat","paramId":"climate"},{"score":1.0,"param":"Bördighet","paramId":"soil_fertility"},{"score":2.0,"param":"Vatten","paramId":"water"},{"score":2.0,"param":"Bekämpningsmedel","paramId":"pesticides"},{"score":2.0,"param":"Övergödning","paramId":"eutrophication"},{"score":null,"param":"Djuromsorg och antibiotika","paramId":"animal_welfare_antibiotics"},{"score":1.0,"param":"Arbetsförhållanden","paramId":"working_conditions"},{"score":1.0,"param":"Lokalbefolkning","paramId":"local_population"},{"score":1.0,"param":"Lagefterlevnad och spårbarhet","paramId":"compliance_traceability"}]}],"sustainabilityInfoApplicable":true},{"id":"7319850011658","type":"Product","ean":"7319850011658","name":"Potatis Fast Gul","manufacturerName":"Andreas Uppgård","description":"Potatis Fast Gul 2 kg. .","imageUrl":"http://res.cloudinary.com/coopsverige/image/upload/v1751483612/cloud/494892.tiff","listOfIngredients":"Potatis Fast Gul.","navCategories":[{"code":"32466","name":"Potatis","superCategories":[{"code":"32361","name":"Grönsaker","superCategories":[{"code":"16534","name":"Frukt & Grönsaker","superCategories":[]}]}]}],"maxStorageTemperature":"20","packageSize":2.0,"packageSizeInformation":"2 kg","packageSizeUnit":"kg","salesPrice":33.95,"salesPriceData":{"b2cPrice":33.95,"b2bPrice":30.31},"piecePrice":33.95,"piecePriceData":{"b2cPrice":33.95,"b2bPrice":30.31},"salesUnit":"Styck","comparativePriceText":"kr/kg","comparativePriceUnit":{"unit":"kg","text":"kr/kg"},"comparativePrice":16.98,"comparativePriceData":{"b2cPrice":16.98,"b2bPrice":15.16},"articleSold":false,"deposit":0.0,"depositData":{"b2cPrice":0.0,"b2bPrice":0.0},"vat":{"code":"vat-full-2","value":12.0,"type":"Percentage"},"animalFoodData":{},"fromSweden":false,"availableOnline":true,"localProduct":{"code":"LOCAL_PRODUCT","description":"Lokal Mat","imageUrl":"https://res.cloudinary.com/coopsverige/image/upload/v1620227730/cooponline/Labels%27/Lokal-mat.png","priority":30},"declarationOfOrigin":"Sverige Avesta.","isMagazine":false,"nutrientBasis":{},"originCountry":{"code":"SWEDEN","value":"Sverige"},"replacementCountries":[],"class":"Klass 1","pharmaceuticalData":{"isPharmaceutical":false},"nutrientInformation":[{"header":{"nutrientBasisQuantityUnit":{"code":"GRM","value":"Gram"}}}],"sustainabilityInfoApplicable":true},{"id":"7315802052038","type":"Product","ean":"7315802052038","name":"Potatis Fast ","manufacturerName":"Andreas Uppgård","description":"Potatis Fast. .","imageUrl":"http://res.cloudinary.com/coopsverige/image/upload/v1751483456/cloud/494885.tiff","listOfIngredients":"Potatis Fast.","navCategories":[{"code":"32466","name":"Potatis","superCategories":[{"code":"32361","name":"Grönsaker","superCategories":[{"code":"16534","name":"Frukt & Grönsaker","superCategories":[]}]}]}],"maxStorageTemperature":"20","packageSize":5.0,"packageSizeInformation":"5 kg","packageSizeUnit":"kg","salesPrice":59.95,"salesPriceData":{"b2cPrice":59.95,"b2bPrice":53.53},"piecePrice":59.95,"piecePriceData":{"b2cPrice":59.95,"b2bPrice":53.53},"salesUnit":"Styck","comparativePriceText":"kr/kg","comparativePriceUnit":{"unit":"kg","text":"kr/kg"},"comparativePrice":11.99,"comparativePriceData":{"b2cPrice":11.99,"b2bPrice":10.71},"articleSold":false,"deposit":0.0,"depositData":{"b2cPrice":0.0,"b2bPrice":0.0},"vat":{"code":"vat-full-2","value":12.0,"type":"Percentage"},"animalFoodData":{},"fromSweden":false,"availableOnline":true,"localProduct":{"code":"LOCAL_PRODUCT","description":"Lokal Mat","imageUrl":"https://res.cloudinary.com/coopsverige/image/upload/v1620227730/cooponline/Labels%27/Lokal-mat.png","priority":30},"declarationOfOrigin":"Sverige Avesta.","isMagazine":false,"nutrientBasis":{},"originCountry":{"code":"SWEDEN","value":"Sverige"},"replacementCountries":[],"class":"Klass 1","pharmaceuticalData":{"isPharmaceutical":false},"nutrientInformation":[{"header":{"nutrientBasisQuantityUnit":{"code":"GRM","value":"Gram"}}}],"sustainabilityInfoApplicable":true},{"id":"7340007904042","type":"Product","ean":"7340007904042","name":"Peppar Röd","imageUrl":"http://res.cloudinary.com/coopsverige/image/upload/v1725957930/cloud/384499.jpg","navCategories":[{"code":"334462","name":"Färska örter & Smaksättare","superCategories":[{"code":"32361","name":"Grönsaker","superCategories":[{"code":"16534","name":"Frukt & Grönsaker","superCategories":[]}]}]}],"packageSize":40.0,"packageSizeInformation":"40 g","packageSizeUnit":"Gram","salesPrice":20.0,"salesPriceData":{"b2cPrice":20.0,"b2bPrice":17.86},"piecePrice":20.0,"piecePriceData":{"b2cPrice":20.0,"b2bPrice":17.86},"salesUnit":"Styck","comparativePriceText":"kr/kg","comparativePriceUnit":{"unit":"kg","text":"kr/kg"},"comparativePrice":500.0,"comparativePriceData":{"b2cPrice":500.0,"b2bPrice":446.43},"articleSold":false,"deposit":0.0,"depositData":{"b2cPrice":0.0,"b2bPrice":0.0},"vat":{"code":"vat-full-2","value":12.0,"type":"Percentage"},"animalFoodData":{},"fromSweden":false,"availableOnline":true,"countryOfOriginCodes":[{"code":"724","value":"Spanien"}],"isMagazine":false,"nutrientBasis":{},"originCountry":{"code":"THE NETHERLANDS","value":"Nederländerna"},"replacementCountries":[],"class":"Klass 1","pharmaceuticalData":{"isPharmaceutical":false},"sustainabilityInfo":[{"productScore":[{"score":2.0,"param":"Biologisk mångfald","paramId":"biodiversity"},{"score":1.5,"param":"Klimat","paramId":"climate"},{"score":1.0,"param":"Bördighet","paramId":"soil_fertility"},{"score":2.0,"param":"Vatten","paramId":"water"},{"score":2.0,"param":"Bekämpningsmedel","paramId":"pesticides"},{"score":2.0,"param":"Övergödning","paramId":"eutrophication"},{"score":null,"param":"Djuromsorg och antibiotika","paramId":"animal_welfare_antibiotics"},{"score":4.5,"param":"Arbetsförhållanden","paramId":"working_conditions"},{"score":4.5,"param":"Lokalbefolkning","paramId":"local_population"},{"score":4.5,"param":"Lagefterlevnad och spårbarhet","paramId":"compliance_traceability"}]}],"sustainabilityInfoApplicable":true},{"id":"7300170029935","type":"Product","ean":"7300170029935","name":"Krondill","imageUrl":"http://res.cloudinary.com/coopsverige/image/upload/v1594720447/403600.tiff","navCategories":[{"code":"334462","name":"Färska örter & Smaksättare","superCategories":[{"code":"32361","name":"Grönsaker","superCategories":[{"code":"16534","name":"Frukt & Grönsaker","superCategories":[]}]}]}],"packageSizeInformation":"1 st","salesPrice":24.95,"salesPriceData":{"b2cPrice":24.95,"b2bPrice":22.28},"piecePrice":24.95,"piecePriceData":{"b2cPrice":24.95,"b2bPrice":22.28},"salesUnit":"Styck","comparativePriceText":"kr/st","comparativePriceUnit":{"unit":"styck","text":"kr/st"},"comparativePrice":24.95,"comparativePriceData":{"b2cPrice":24.95,"b2bPrice":22.28},"articleSold":false,"deposit":0.0,"depositData":{"b2cPrice":0.0,"b2bPrice":0.0},"vat":{"code":"vat-full-2","value":12.0,"type":"Percentage"},"animalFoodData":{},"fromSweden":false,"availableOnline":true,"isMagazine":false,"nutrientBasis":{},"originCountry":{"code":"SWEDEN","value":"Sverige"},"replacementCountries":[],"pharmaceuticalData":{"isPharmaceutical":false},"sustainabilityInfoApplicable":true},{"id":"8713037210428","type":"Product","ean":"8713037210428","name":"Gurkmeja Eko","description":"Produkten varierar något i storlek och vikt. När du handlar hos oss visar vi en uppskattad vikt för varan och ett pris baserat på kilopriset. Ni debiteras efter vi plockat ihop era varor den verkliga vikten. Vi garanterar att du alltid betalar för varans verkliga vikt.","imageUrl":"http://res.cloudinary.com/coopsverige/image/upload/v1630331511/cloud/233166.tiff","navCategories":[{"code":"334462","name":"Färska örter & Smaksättare","superCategories":[{"code":"32361","name":"Grönsaker","superCategories":[{"code":"16534","name":"Frukt & Grönsaker","superCategories":[]}]}]}],"accreditedTags":[{"code":"EU_ORGANIC_FARMING","description":"EU Lövet","imageUrl":"https://res.cloudinary.com/coopsverige/image/upload/cooponline/produktmarkning/EUOrganicFarmingLogo.jpg","priority":180}],"packageSize":50.0,"packageSizeInformation":"50 gram ungefärlig vikt","packageSizeUnit":"gram ungefärlig vikt","pieceWeight":0.05,"salesPrice":12.95,"salesPriceData":{"b2cPrice":12.95,"b2bPrice":11.56},"piecePrice":12.95,"piecePriceData":{"b2cPrice":12.95,"b2bPrice":11.56},"salesUnit":"Styck","comparativePriceText":"kr/kg","comparativePriceUnit":{"unit":"kg","text":"kr/kg"},"comparativePrice":259.0,"comparativePriceData":{"b2cPrice":259.0,"b2bPrice":231.25},"articleSold":false,"deposit":0.0,"depositData":{"b2cPrice":0.0,"b2bPrice":0.0},"vat":{"code":"vat-full-2","value":12.0,"type":"Percentage"},"animalFoodData":{},"fromSweden":false,"availableOnline":true,"isMagazine":false,"nutrientBasis":{},"originCountry":{"code":"PERU","value":"Peru"},"replacementCountries":[],"pharmaceuticalData":{"isPharmaceutical":false},"sustainabilityInfo":[{"productScore":[{"score":2.0,"param":"Biologisk mångfald","paramId":"biodiversity"},{"score":1.0,"param":"Klimat","paramId":"climate"},{"score":2.0,"param":"Bördighet","paramId":"soil_fertility"},{"score":2.0,"param":"Vatten","paramId":"water"},{"score":2.0,"param":"Bekämpningsmedel","paramId":"pesticides"},{"score":2.0,"param":"Övergödning","paramId":"eutrophication"},{"score":null,"param":"Djuromsorg och antibiotika","paramId":"animal_welfare_antibiotics"},{"score":3.5,"param":"Arbetsförhållanden","paramId":"working_conditions"},{"score":5.0,"param":"Lokalbefolkning","paramId":"local_population"},{"score":4.0,"param":"Lagefterlevnad och spårbarhet","paramId":"compliance_traceability"}]}],"sustainabilityInfoApplicable":true},{"id":"7340007928529","type":"Product","ean":"7340007928529","name":"Habanero Röd","imageUrl":"http://res.cloudinary.com/coopsverige/image/upload/v1725957538/cloud/384460.jpg","navCategories":[{"code":"334462","name":"Färska örter & Smaksättare","superCategories":[{"code":"32361","name":"Grönsaker","superCategories":[{"code":"16534","name":"Frukt & Grönsaker","superCategories":[]}]}]}],"packageSizeInformation":"30 g","salesPrice":20.0,"salesPriceData":{"b2cPrice":20.0,"b2bPrice":17.86},"piecePrice":20.0,"piecePriceData":{"b2cPrice":20.0,"b2bPrice":17.86},"salesUnit":"Styck","comparativePriceText":"kr/kg","comparativePriceUnit":{"unit":"kg","text":"kr/kg"},"comparativePrice":666.67,"comparativePriceData":{"b2cPrice":666.67,"b2bPrice":595.24},"articleSold":false,"deposit":0.0,"depositData":{"b2cPrice":0.0,"b2bPrice":0.0},"vat":{"code":"vat-full-2","value":12.0,"type":"Percentage"},"animalFoodData":{},"fromSweden":false,"availableOnline":true,"isMagazine":false,"nutrientBasis":{},"originCountry":{"code":"THE NETHERLANDS","value":"Nederländerna"},"replacementCountries":[],"class":"Klass 1","pharmaceuticalData":{"isPharmaceutical":false},"sustainabilityInfo":[{"productScore":[{"score":2.0,"param":"Biologisk mångfald","paramId":"biodiversity"},{"score":2.0,"param":"Klimat","paramId":"climate"},{"score":1.0,"param":"Bördighet","paramId":"soil_fertility"},{"score":2.0,"param":"Vatten","paramId":"water"},{"score":2.0,"param":"Bekämpningsmedel","paramId":"pesticides"},{"score":2.0,"param":"Övergödning","paramId":"eutrophication"},{"score":null,"param":"Djuromsorg och antibiotika","paramId":"animal_welfare_antibiotics"},{"score":1.0,"param":"Arbetsförhållanden","paramId":"working_conditions"},{"score":1.0,"param":"Lokalbefolkning","paramId":"local_population"},{"score":1.0,"param":"Lagefterlevnad och spårbarhet","paramId":"compliance_traceability"}]}],"sustainabilityInfoApplicable":true},{"id":"8850015910052","type":"Product","ean":"8850015910052","name":"Citrongräs","imageUrl":"http://res.cloudinary.com/coopsverige/image/upload/v1445559499/84059.tiff","navCategories":[{"code":"334462","name":"Färska örter & Smaksättare","superCategories":[{"code":"32361","name":"Grönsaker","superCategories":[{"code":"16534","name":"Frukt & Grönsaker","superCategories":[]}]}]}],"packageSize":50.0,"packageSizeInformation":"50 gram ungefärlig vikt","packageSizeUnit":"gram ungefärlig vikt","pieceWeight":0.05,"salesPrice":26.95,"salesPriceData":{"b2cPrice":26.95,"b2bPrice":24.06},"piecePrice":26.95,"piecePriceData":{"b2cPrice":26.95,"b2bPrice":24.06},"salesUnit":"Styck","comparativePriceText":"kr/kg","comparativePriceUnit":{"unit":"kg","text":"kr/kg"},"comparativePrice":539.0,"comparativePriceData":{"b2cPrice":539.0,"b2bPrice":481.25},"articleSold":false,"deposit":0.0,"depositData":{"b2cPrice":0.0,"b2bPrice":0.0},"vat":{"code":"vat-full-2","value":12.0,"type":"Percentage"},"animalFoodData":{},"fromSweden":false,"availableOnline":true,"isMagazine":false,"nutrientBasis":{},"originCountry":{"code":"THAILAND","value":"Thailand"},"replacementCountries":[],"pharmaceuticalData":{"isPharmaceutical":false},"sustainabilityInfo":[{"productScore":[{"score":2.0,"param":"Biologisk mångfald","paramId":"biodiversity"},{"score":1.0,"param":"Klimat","paramId":"climate"},{"score":2.0,"param":"Bördighet","paramId":"soil_fertility"},{"score":2.0,"param":"Vatten","paramId":"water"},{"score":2.0,"param":"Bekämpningsmedel","paramId":"pesticides"},{"score":2.0,"param":"Övergödning","paramId":"eutrophication"},{"score":null,"param":"Djuromsorg och antibiotika","paramId":"animal_welfare_antibiotics"},{"score":4.0,"param":"Arbetsförhållanden","paramId":"working_conditions"},{"score":4.0,"param":"Lokalbefolkning","paramId":"local_population"},{"score":5.0,"param":"Lagefterlevnad och spårbarhet","paramId":"compliance_traceability"}]}],"sustainabilityInfoApplicable":true},{"id":"7340011406891","type":"Product","ean":"7340011406891","name":"Dill Eko","manufacturerName":"Änglamark","imageUrl":"http://res.cloudinary.com/coopsverige/image/upload/v1634124265/cloud/236487.tiff","navCategories":[{"code":"334462","name":"Färska örter & Smaksättare","superCategories":[{"code":"32361","name":"Grönsaker","superCategories":[{"code":"16534","name":"Frukt & Grönsaker","superCategories":[]}]}]}],"accreditedTags":[{"code":"EU_ORGANIC_FARMING","description":"EU Lövet","imageUrl":"https://res.cloudinary.com/coopsverige/image/upload/cooponline/produktmarkning/EUOrganicFarmingLogo.jpg","priority":180},{"code":"KRAV_MARK","description":"KRAV","imageUrl":"https://res.cloudinary.com/coopsverige/image/upload/v1750847718/cooponline/Icons/2025/krav-logo_z2ptpn.png","priority":100}],"packageSize":35.0,"packageSizeInformation":"35 g","packageSizeUnit":"Gram","salesPrice":19.95,"salesPriceData":{"b2cPrice":19.95,"b2bPrice":17.81},"piecePrice":19.95,"piecePriceData":{"b2cPrice":19.95,"b2bPrice":17.81},"salesUnit":"Styck","comparativePriceText":"kr/kg","comparativePriceUnit":{"unit":"kg","text":"kr/kg"},"comparativePrice":570.0,"comparativePriceData":{"b2cPrice":570.0,"b2bPrice":508.93},"articleSold":false,"deposit":0.0,"depositData":{"b2cPrice":0.0,"b2bPrice":0.0},"vat":{"code":"vat-full-2","value":12.0,"type":"Percentage"},"animalFoodData":{},"fromSweden":false,"availableOnline":true,"isMagazine":false,"nutrientBasis":{},"originCountry":{"code":"SWEDEN","value":"Sverige"},"replacementCountries":[],"pharmaceuticalData":{"isPharmaceutical":false},"sustainabilityInfo":[{"productScore":[{"score":1.0,"param":"Biologisk mångfald","paramId":"biodiversity"},{"score":1.0,"param":"Klimat","paramId":"climate"},{"score":1.0,"param":"Bördighet","paramId":"soil_fertility"},{"score":1.0,"param":"Vatten","paramId":"water"},{"score":1.0,"param":"Bekämpningsmedel","paramId":"pesticides"},{"score":1.0,"param":"Övergödning","paramId":"eutrophication"},{"score":null,"param":"Djuromsorg och antibiotika","paramId":"animal_welfare_antibiotics"},{"score":1.0,"param":"Arbetsförhållanden","paramId":"working_conditions"},{"score":1.0,"param":"Lokalbefolkning","paramId":"local_population"},{"score":1.0,"param":"Lagefterlevnad och spårbarhet","paramId":"compliance_traceability"}]}],"sustainabilityInfoApplicable":true},{"id":"7323130028014","type":"Product","ean":"7323130028014","name":"Pakchoi Sallat","manufacturerName":"SydGrönt","imageUrl":"http://res.cloudinary.com/coopsverige/image/upload/v1637850572/cloud/239947.jpg","navCategories":[{"code":"32456","name":"Sallad & Groddar","superCategories":[{"code":"32361","name":"Grönsaker","superCategories":[{"code":"16534","name":"Frukt & Grönsaker","superCategories":[]}]}]}],"packageSize":250.0,"packageSizeInformation":"250 g","packageSizeUnit":"Gram","salesPrice":24.95,"salesPriceData":{"b2cPrice":24.95,"b2bPrice":22.28},"piecePrice":24.95,"piecePriceData":{"b2cPrice":24.95,"b2bPrice":22.28},"salesUnit":"Styck","comparativePriceText":"kr/kg","comparativePriceUnit":{"unit":"kg","text":"kr/kg"},"comparativePrice":99.8,"comparativePriceData":{"b2cPrice":99.8,"b2bPrice":89.11},"articleSold":false,"deposit":0.0,"depositData":{"b2cPrice":0.0,"b2bPrice":0.0},"vat":{"code":"vat-full-2","value":12.0,"type":"Percentage"},"animalFoodData":{},"fromSweden":false,"availableOnline":true,"isMagazine":false,"nutrientBasis":{},"originCountry":{"code":"SPAIN","value":"Spanien"},"replacementCountries":[],"class":"Klass 1","pharmaceuticalData":{"isPharmaceutical":false},"sustainabilityInfo":[{"productScore":[{"score":2.0,"param":"Biologisk mångfald","paramId":"biodiversity"},{"score":1.0,"param":"Klimat","paramId":"climate"},{"score":3.0,"param":"Bördighet","paramId":"soil_fertility"},{"score":1.0,"param":"Vatten","paramId":"water"},{"score":2.0,"param":"Bekämpningsmedel","paramId":"pesticides"},{"score":2.0,"param":"Övergödning","paramId":"eutrophication"},{"score":null,"param":"Djuromsorg och antibiotika","paramId":"animal_welfare_antibiotics"},{"score":1.0,"param":"Arbetsförhållanden","paramId":"working_conditions"},{"score":1.0,"param":"Lokalbefolkning","paramId":"local_population"},{"score":1.0,"param":"Lagefterlevnad och spårbarhet","paramId":"compliance_traceability"}]}],"sustainabilityInfoApplicable":true},{"id":"7300170046208","type":"Product","ean":"7300170046208","name":"Sallat Grön Eko Kruka","manufacturerName":"Änglamark","imageUrl":"http://res.cloudinary.com/coopsverige/image/upload/v1439902308/48394.tiff","navCategories":[{"code":"32456","name":"Sallad & Groddar","superCategories":[{"code":"32361","name":"Grönsaker","superCategories":[{"code":"16534","name":"Frukt & Grönsaker","superCategories":[]}]}]}],"accreditedTags":[{"code":"EU_ORGANIC_FARMING","description":"EU Lövet","imageUrl":"https://res.cloudinary.com/coopsverige/image/upload/cooponline/produktmarkning/EUOrganicFarmingLogo.jpg","priority":180},{"code":"KRAV_MARK","description":"KRAV","imageUrl":"https://res.cloudinary.com/coopsverige/image/upload/v1750847718/cooponline/Icons/2025/krav-logo_z2ptpn.png","priority":100}],"packageSize":200.0,"packageSizeInformation":"200 g","packageSizeUnit":"Gram","salesPrice":21.95,"salesPriceData":{"b2cPrice":21.95,"b2bPrice":19.6},"piecePrice":21.95,"piecePriceData":{"b2cPrice":21.95,"b2bPrice":19.6},"salesUnit":"Styck","comparativePriceText":"kr/kg","comparativePriceUnit":{"unit":"kg","text":"kr/kg"},"comparativePrice":219.5,"comparativePriceData":{"b2cPrice":219.5,"b2bPrice":195.98},"articleSold":false,"deposit":0.0,"depositData":{"b2cPrice":0.0,"b2bPrice":0.0},"vat":{"code":"vat-full-2","value":12.0,"type":"Percentage"},"animalFoodData":{},"fromSweden":false,"availableOnline":true,"isMagazine":false,"nutrientBasis":{},"originCountry":{"code":"SWEDEN","value":"Sverige"},"replacementCountries":[],"pharmaceuticalData":{"isPharmaceutical":false},"sustainabilityInfo":[{"productScore":[{"score":1.0,"param":"Biologisk mångfald","paramId":"biodiversity"},{"score":1.0,"param":"Klimat","paramId":"climate"},{"score":1.0,"param":"Bördighet","paramId":"soil_fertility"},{"score":1.0,"param":"Vatten","paramId":"water"},{"score":1.0,"param":"Bekämpningsmedel","paramId":"pesticides"},{"score":1.0,"param":"Övergödning","paramId":"eutrophication"},{"score":null,"param":"Djuromsorg och antibiotika","paramId":"animal_welfare_antibiotics"},{"score":1.0,"param":"Arbetsförhållanden","paramId":"working_conditions"},{"score":1.0,"param":"Lokalbefolkning","paramId":"local_population"},{"score":1.0,"param":"Lagefterlevnad och spårbarhet","paramId":"compliance_traceability"}]}],"sustainabilityInfoApplicable":true},{"id":"7300156593412","type":"Product","ean":"7300156593412","name":"Aubergine Eko","imageUrl":"http://res.cloudinary.com/coopsverige/image/upload/v1638889933/cloud/240638.jpg","navCategories":[{"code":"334461","name":"Zucchini & Aubergine","superCategories":[{"code":"32361","name":"Grönsaker","superCategories":[{"code":"16534","name":"Frukt & Grönsaker","superCategories":[]}]}]}],"packageSize":300.0,"packageSizeInformation":"300 gram ungefärlig vikt","packageSizeUnit":"gram ungefärlig vikt","pieceWeight":0.3,"salesPrice":22.95,"salesPriceData":{"b2cPrice":22.95,"b2bPrice":20.49},"piecePrice":22.95,"piecePriceData":{"b2cPrice":22.95,"b2bPrice":20.49},"salesUnit":"Styck","comparativePriceText":"kr/kg","comparativePriceUnit":{"unit":"kg","text":"kr/kg"},"comparativePrice":76.5,"comparativePriceData":{"b2cPrice":76.5,"b2bPrice":68.3},"articleSold":false,"deposit":0.0,"depositData":{"b2cPrice":0.0,"b2bPrice":0.0},"vat":{"code":"vat-full-2","value":12.0,"type":"Percentage"},"animalFoodData":{},"fromSweden":false,"availableOnline":true,"countryOfOriginCodes":[{"code":"724","value":"Spanien"}],"isMagazine":false,"nutrientBasis":{},"originCountry":{"code":"SPAIN","value":"Spanien"},"replacementCountries":[],"class":"Klass 1","sustainabilityInfoApplicable":true},{"id":"7311041059951","type":"Product","ean":"7311041059951","name":"Champinjon 250Gr","imageUrl":"http://res.cloudinary.com/coopsverige/image/upload/v1630051851/cloud/233015.jpg","navCategories":[{"code":"32474","name":"Svamp","superCategories":[{"code":"32361","name":"Grönsaker","superCategories":[{"code":"16534","name":"Frukt & Grönsaker","superCategories":[]}]}]}],"packageSize":250.0,"packageSizeInformation":"250 gram ungefärlig vikt","packageSizeUnit":"gram ungefärlig vikt","pieceWeight":0.25,"salesPrice":19.95,"salesPriceData":{"b2cPrice":19.95,"b2bPrice":17.81},"piecePrice":19.95,"piecePriceData":{"b2cPrice":19.95,"b2bPrice":17.81},"salesUnit":"Styck","comparativePriceText":"kr/kg","comparativePriceUnit":{"unit":"kg","text":"kr/kg"},"comparativePrice":79.8,"comparativePriceData":{"b2cPrice":79.8,"b2bPrice":71.25},"articleSold":false,"deposit":0.0,"depositData":{"b2cPrice":0.0,"b2bPrice":0.0},"vat":{"code":"vat-full-2","value":12.0,"type":"Percentage"},"animalFoodData":{},"onlinePromotions":[{"id":"016001_36093","price":30.0,"priceData":{"b2cPrice":30.0,"b2bPrice":26.79},"startDate":"2025-08-31T22:00:00Z","endDate":"2025-09-07T22:00:00Z","message":"CHAMPINJON 2 FÖR 30 KR-2 för 30:-","type":"MULTI_BUY_FIXED_PRICE","numberOfProductRequired":2,"medMeraRequired":false,"priority":910,"comparativePrice":{"b2cPrice":60.0,"b2bPrice":53.57},"higherThanHistoricalPrice":false}],"fromSweden":false,"availableOnline":true,"isMagazine":false,"nutrientBasis":{},"originCountry":{"code":"POLAND","value":"Polen"},"replacementCountries":[],"class":"Klass 1","pharmaceuticalData":{"isPharmaceutical":false},"sustainabilityInfo":[{"productScore":[{"score":2.0,"param":"Biologisk mångfald","paramId":"biodiversity"},{"score":2.0,"param":"Klimat","paramId":"climate"},{"score":2.0,"param":"Bördighet","paramId":"soil_fertility"},{"score":2.0,"param":"Vatten","paramId":"water"},{"score":2.0,"param":"Bekämpningsmedel","paramId":"pesticides"},{"score":2.0,"param":"Övergödning","paramId":"eutrophication"},{"score":null,"param":"Djuromsorg och antibiotika","paramId":"animal_welfare_antibiotics"},{"score":2.5,"param":"Arbetsförhållanden","paramId":"working_conditions"},{"score":3.0,"param":"Lokalbefolkning","paramId":"local_population"},{"score":3.0,"param":"Lagefterlevnad och spårbarhet","paramId":"compliance_traceability"}]}],"sustainabilityInfoApplicable":true},{"id":"7300156599858","type":"Product","ean":"7300156599858","name":"Kruspersilja","manufacturerName":"COOP","imageUrl":"http://res.cloudinary.com/coopsverige/image/upload/v1747050562/cloud/477299.jpg","navCategories":[{"code":"334462","name":"Färska örter & Smaksättare","superCategories":[{"code":"32361","name":"Grönsaker","superCategories":[{"code":"16534","name":"Frukt & Grönsaker","superCategories":[]}]}]}],"packageSize":20.0,"packageSizeInformation":"20 g","packageSizeUnit":"Gram","salesPrice":12.95,"salesPriceData":{"b2cPrice":12.95,"b2bPrice":11.56},"piecePrice":12.95,"piecePriceData":{"b2cPrice":12.95,"b2bPrice":11.56},"salesUnit":"Styck","comparativePriceText":"kr/kg","comparativePriceUnit":{"unit":"kg","text":"kr/kg"},"comparativePrice":647.5,"comparativePriceData":{"b2cPrice":647.5,"b2bPrice":578.13},"articleSold":false,"deposit":0.0,"depositData":{"b2cPrice":0.0,"b2bPrice":0.0},"vat":{"code":"vat-full-2","value":12.0,"type":"Percentage"},"animalFoodData":{},"onlinePromotions":[{"id":"016001_36101","price":22.0,"priceData":{"b2cPrice":22.0,"b2bPrice":19.64},"startDate":"2025-08-31T22:00:00Z","endDate":"2025-09-07T22:00:00Z","message":"ÖRTER 2 FÖR 22 KR-2 för 22:-","type":"MULTI_BUY_FIXED_PRICE","numberOfProductRequired":2,"medMeraRequired":false,"priority":910,"comparativePrice":{"b2cPrice":550.0,"b2bPrice":491.07},"higherThanHistoricalPrice":false}],"fromSweden":false,"availableOnline":true,"isMagazine":false,"nutrientBasis":{},"originCountry":{"code":"SWEDEN","value":"Sverige"},"replacementCountries":[{"code":"SPAIN","value":"Spanien"}],"pharmaceuticalData":{"isPharmaceutical":false},"sustainabilityInfoApplicable":true},{"id":"7340007903373","type":"Product","ean":"7340007903373","name":"Avokado Eko 2-pack","imageUrl":"http://res.cloudinary.com/coopsverige/image/upload/v1746534324/cloud/475229.jpg","navCategories":[{"code":"334453","name":"Avokado","superCategories":[{"code":"32361","name":"Grönsaker","superCategories":[{"code":"16534","name":"Frukt & Grönsaker","superCategories":[]}]}]}],"accreditedTags":[{"code":"EU_ORGANIC_FARMING","description":"EU Lövet","imageUrl":"https://res.cloudinary.com/coopsverige/image/upload/cooponline/produktmarkning/EUOrganicFarmingLogo.jpg","priority":180}],"packageSize":340.0,"packageSizeInformation":"340 g","packageSizeUnit":"Gram","salesPrice":39.95,"salesPriceData":{"b2cPrice":39.95,"b2bPrice":35.67},"piecePrice":39.95,"piecePriceData":{"b2cPrice":39.95,"b2bPrice":35.67},"salesUnit":"Styck","comparativePriceText":"","comparativePrice":159.8,"comparativePriceData":{"b2cPrice":159.8,"b2bPrice":142.68},"articleSold":false,"deposit":0.0,"depositData":{"b2cPrice":0.0,"b2bPrice":0.0},"vat":{"code":"vat-full-2","value":12.0,"type":"Percentage"},"animalFoodData":{},"fromSweden":false,"availableOnline":true,"isMagazine":false,"nutrientBasis":{},"originCountry":{"code":"KENYA","value":"Kenya"},"replacementCountries":[],"class":"Klass 1","pharmaceuticalData":{"isPharmaceutical":false},"sustainabilityInfo":[{"productScore":[{"score":1.0,"param":"Biologisk mångfald","paramId":"biodiversity"},{"score":2.0,"param":"Klimat","paramId":"climate"},{"score":1.0,"param":"Bördighet","paramId":"soil_fertility"},{"score":2.0,"param":"Vatten","paramId":"water"},{"score":1.0,"param":"Bekämpningsmedel","paramId":"pesticides"},{"score":1.0,"param":"Övergödning","paramId":"eutrophication"},{"score":null,"param":"Djuromsorg och antibiotika","paramId":"animal_welfare_antibiotics"},{"score":3.0,"param":"Arbetsförhållanden","paramId":"working_conditions"},{"score":3.5,"param":"Lokalbefolkning","paramId":"local_population"},{"score":1.0,"param":"Lagefterlevnad och spårbarhet","paramId":"compliance_traceability"}]}],"sustainabilityInfoApplicable":true},{"id":"7340011406907","type":"Product","ean":"7340011406907","name":"Gräslök Eko","manufacturerName":"Änglamark","imageUrl":"http://res.cloudinary.com/coopsverige/image/upload/v1634124271/cloud/236488.tiff","navCategories":[{"code":"334462","name":"Färska örter & Smaksättare","superCategories":[{"code":"32361","name":"Grönsaker","superCategories":[{"code":"16534","name":"Frukt & Grönsaker","superCategories":[]}]}]}],"accreditedTags":[{"code":"EU_ORGANIC_FARMING","description":"EU Lövet","imageUrl":"https://res.cloudinary.com/coopsverige/image/upload/cooponline/produktmarkning/EUOrganicFarmingLogo.jpg","priority":180},{"code":"KRAV_MARK","description":"KRAV","imageUrl":"https://res.cloudinary.com/coopsverige/image/upload/v1750847718/cooponline/Icons/2025/krav-logo_z2ptpn.png","priority":100}],"packageSize":35.0,"packageSizeInformation":"35 g","packageSizeUnit":"Gram","salesPrice":19.95,"salesPriceData":{"b2cPrice":19.95,"b2bPrice":17.81},"piecePrice":19.95,"piecePriceData":{"b2cPrice":19.95,"b2bPrice":17.81},"salesUnit":"Styck","comparativePriceText":"kr/kg","comparativePriceUnit":{"unit":"kg","text":"kr/kg"},"comparativePrice":570.0,"comparativePriceData":{"b2cPrice":570.0,"b2bPrice":508.93},"articleSold":false,"deposit":0.0,"depositData":{"b2cPrice":0.0,"b2bPrice":0.0},"vat":{"code":"vat-full-2","value":12.0,"type":"Percentage"},"animalFoodData":{},"fromSweden":false,"availableOnline":true,"isMagazine":false,"nutrientBasis":{},"originCountry":{"code":"SWEDEN","value":"Sverige"},"replacementCountries":[],"pharmaceuticalData":{"isPharmaceutical":false},"sustainabilityInfo":[{"productScore":[{"score":1.0,"param":"Biologisk mångfald","paramId":"biodiversity"},{"score":1.0,"param":"Klimat","paramId":"climate"},{"score":1.0,"param":"Bördighet","paramId":"soil_fertility"},{"score":1.0,"param":"Vatten","paramId":"water"},{"score":1.0,"param":"Bekämpningsmedel","paramId":"pesticides"},{"score":1.0,"param":"Övergödning","paramId":"eutrophication"},{"score":null,"param":"Djuromsorg och antibiotika","paramId":"animal_welfare_antibiotics"},{"score":1.0,"param":"Arbetsförhållanden","paramId":"working_conditions"},{"score":1.0,"param":"Lokalbefolkning","paramId":"local_population"},{"score":1.0,"param":"Lagefterlevnad och spårbarhet","paramId":"compliance_traceability"}]}],"sustainabilityInfoApplicable":true},{"id":"7340011406945","type":"Product","ean":"7340011406945","name":"Timjan Eko","manufacturerName":"Änglamark","imageUrl":"http://res.cloudinary.com/coopsverige/image/upload/v1634124278/cloud/236489.tiff","navCategories":[{"code":"334462","name":"Färska örter & Smaksättare","superCategories":[{"code":"32361","name":"Grönsaker","superCategories":[{"code":"16534","name":"Frukt & Grönsaker","superCategories":[]}]}]}],"accreditedTags":[{"code":"NYCKELHALET","description":"Nyckelhålet","imageUrl":"https://res.cloudinary.com/coopsverige/image/upload/v1618910221/cooponline/Labels%27/nyckelhal_RGB.png","priority":240},{"code":"EU_ORGANIC_FARMING","description":"EU Lövet","imageUrl":"https://res.cloudinary.com/coopsverige/image/upload/cooponline/produktmarkning/EUOrganicFarmingLogo.jpg","priority":180},{"code":"KRAV_MARK","description":"KRAV","imageUrl":"https://res.cloudinary.com/coopsverige/image/upload/v1750847718/cooponline/Icons/2025/krav-logo_z2ptpn.png","priority":100}],"packageSize":35.0,"packageSizeInformation":"35 g","packageSizeUnit":"Gram","salesPrice":21.95,"salesPriceData":{"b2cPrice":21.95,"b2bPrice":19.6},"piecePrice":21.95,"piecePriceData":{"b2cPrice":21.95,"b2bPrice":19.6},"salesUnit":"Styck","comparativePriceText":"kr/kg","comparativePriceUnit":{"unit":"kg","text":"kr/kg"},"comparativePrice":627.14,"comparativePriceData":{"b2cPrice":627.14,"b2bPrice":559.95},"articleSold":false,"deposit":0.0,"depositData":{"b2cPrice":0.0,"b2bPrice":0.0},"vat":{"code":"vat-full-2","value":12.0,"type":"Percentage"},"animalFoodData":{},"fromSweden":false,"availableOnline":true,"isMagazine":false,"nutrientBasis":{},"originCountry":{"code":"SWEDEN","value":"Sverige"},"replacementCountries":[],"pharmaceuticalData":{"isPharmaceutical":false},"sustainabilityInfo":[{"productScore":[{"score":1.0,"param":"Biologisk mångfald","paramId":"biodiversity"},{"score":3.0,"param":"Klimat","paramId":"climate"},{"score":1.0,"param":"Bördighet","paramId":"soil_fertility"},{"score":1.0,"param":"Vatten","paramId":"water"},{"score":1.0,"param":"Bekämpningsmedel","paramId":"pesticides"},{"score":1.0,"param":"Övergödning","paramId":"eutrophication"},{"score":null,"param":"Djuromsorg och antibiotika","paramId":"animal_welfare_antibiotics"},{"score":1.0,"param":"Arbetsförhållanden","paramId":"working_conditions"},{"score":1.0,"param":"Lokalbefolkning","paramId":"local_population"},{"score":1.0,"param":"Lagefterlevnad och spårbarhet","paramId":"compliance_traceability"}]}],"sustainabilityInfoApplicable":true},{"id":"7340007929304","type":"Product","ean":"7340007929304","name":"Salladsmix Chopped Kimchi","manufacturerName":"Dole","description":"Blanda den färdigskurna kål- och salladsmixen med den medföljande kimchidressingen och påsarna med rostade sesamfrön och rostad lök. Färskt, gott och enkelt! Med Doles Chopped Kit Kimchi får du ett helt salladskit inspirerad av koreanska smaker. Servera salladen precis som den är eller som ett tillbehör din BBQ. Middagen är klar på nolltid och du får tid över till annat! Vårt Dole-sortiment passar för alla tillfällen och situationer.","imageUrl":"http://res.cloudinary.com/coopsverige/image/upload/v1723543592/cloud/377923.tiff","listOfIngredients":"Grönsaker 215g (Vitkål, Frisé, Rödkål, Morötter, Grönkål). Dressing 60g  (Vatten, Socker, vinäger, rapsolja, chili (5,4%) ingefära, vitlök, salt, konserveringsmedel (E202, E211, E224 (SULFIT) E260), förtjockningsmedel (E415, E1414), antioxidationsmedel (E330)). Rostad lök 15g (Lök, palmolja RSPO, VETEmjöl, salt). SESAMfrö 5 g","navCategories":[{"code":"32456","name":"Sallad & Groddar","superCategories":[{"code":"32361","name":"Grönsaker","superCategories":[{"code":"16534","name":"Frukt & Grönsaker","superCategories":[]}]}]}],"maxStorageTemperature":"6","packageSize":295.0,"packageSizeInformation":"295 g","packageSizeUnit":"Gram","salesPrice":39.95,"salesPriceData":{"b2cPrice":39.95,"b2bPrice":35.67},"piecePrice":39.95,"piecePriceData":{"b2cPrice":39.95,"b2bPrice":35.67},"salesUnit":"Styck","comparativePriceText":"kr/kg","comparativePriceUnit":{"unit":"kg","text":"kr/kg"},"comparativePrice":135.42,"comparativePriceData":{"b2cPrice":135.42,"b2bPrice":120.91},"articleSold":false,"deposit":0.0,"depositData":{"b2cPrice":0.0,"b2bPrice":0.0},"vat":{"code":"vat-full-2","value":12.0,"type":"Percentage"},"nutrientLinks":[{"amount":["89.7"],"description":"Energi","unit":"Kilokalori"},{"amount":["382.6"],"description":"Energi","unit":"Kilojoule"},{"amount":["4.3"],"description":"Fett","unit":"Gram"},{"amount":["1.3"],"description":"Varav mättat fett","unit":"Gram"},{"amount":["10.4"],"description":"Kolhydrat","unit":"Gram"},{"amount":["8.5"],"description":"Varav sockerarter","unit":"Gram"},{"amount":["1.5"],"description":"Protein","unit":"Gram"},{"amount":["0.6"],"description":"Salt","unit":"Gram"}],"animalFoodData":{},"fromSweden":false,"availableOnline":true,"countryOfOriginCodes":[{"code":"752","value":"Sverige"}],"shortTradeItemMarketingMessage":{"seq1":"Blanda den färdigskurna kål- och salladsmixen med den medföljande kimchidressingen och påsarna med rostade sesamfrön och rostad lök. Färskt, gott och enkelt!"},"isMagazine":false,"nutrientBasis":{"quantity":100.0},"pharmaceuticalData":{"isPharmaceutical":false},"nutrientInformation":[{"header":{"nutrientBasisQuantity":100.0,"nutrientBasisQuantityType":"BY_MEASURE","nutrientBasisQuantityUnit":{"code":"GRM","value":"Gram"}}}],"sustainabilityInfoApplicable":true},{"id":"7340011406914","type":"Product","ean":"7340011406914","name":"Mynta Kruka Eko ","manufacturerName":"Änglamark","imageUrl":"http://res.cloudinary.com/coopsverige/image/upload/v1634124314/cloud/236493.tiff","navCategories":[{"code":"334462","name":"Färska örter & Smaksättare","superCategories":[{"code":"32361","name":"Grönsaker","superCategories":[{"code":"16534","name":"Frukt & Grönsaker","superCategories":[]}]}]}],"accreditedTags":[{"code":"NYCKELHALET","description":"Nyckelhålet","imageUrl":"https://res.cloudinary.com/coopsverige/image/upload/v1618910221/cooponline/Labels%27/nyckelhal_RGB.png","priority":240},{"code":"EU_ORGANIC_FARMING","description":"EU Lövet","imageUrl":"https://res.cloudinary.com/coopsverige/image/upload/cooponline/produktmarkning/EUOrganicFarmingLogo.jpg","priority":180},{"code":"KRAV_MARK","description":"KRAV","imageUrl":"https://res.cloudinary.com/coopsverige/image/upload/v1750847718/cooponline/Icons/2025/krav-logo_z2ptpn.png","priority":100}],"packageSize":35.0,"packageSizeInformation":"35 g","packageSizeUnit":"Gram","salesPrice":34.95,"salesPriceData":{"b2cPrice":34.95,"b2bPrice":31.21},"piecePrice":34.95,"piecePriceData":{"b2cPrice":34.95,"b2bPrice":31.21},"salesUnit":"Styck","comparativePriceText":"kr/kg","comparativePriceUnit":{"unit":"kg","text":"kr/kg"},"comparativePrice":998.57,"comparativePriceData":{"b2cPrice":998.57,"b2bPrice":891.58},"articleSold":false,"deposit":0.0,"depositData":{"b2cPrice":0.0,"b2bPrice":0.0},"vat":{"code":"vat-full-2","value":12.0,"type":"Percentage"},"animalFoodData":{},"fromSweden":false,"availableOnline":true,"isMagazine":false,"nutrientBasis":{},"originCountry":{"code":"SWEDEN","value":"Sverige"},"replacementCountries":[],"pharmaceuticalData":{"isPharmaceutical":false},"sustainabilityInfoApplicable":true},{"id":"7300156599841","type":"Product","ean":"7300156599841","name":"Bladpersilja","manufacturerName":"COOP","imageUrl":"http://res.cloudinary.com/coopsverige/image/upload/v1749105115/cloud/486695.jpg","navCategories":[{"code":"334462","name":"Färska örter & Smaksättare","superCategories":[{"code":"32361","name":"Grönsaker","superCategories":[{"code":"16534","name":"Frukt & Grönsaker","superCategories":[]}]}]}],"packageSize":50.0,"packageSizeInformation":"50 g","packageSizeUnit":"Gram","salesPrice":12.95,"salesPriceData":{"b2cPrice":12.95,"b2bPrice":11.56},"piecePrice":12.95,"piecePriceData":{"b2cPrice":12.95,"b2bPrice":11.56},"salesUnit":"Styck","comparativePriceText":"kr/kg","comparativePriceUnit":{"unit":"kg","text":"kr/kg"},"comparativePrice":259.0,"comparativePriceData":{"b2cPrice":259.0,"b2bPrice":231.25},"articleSold":false,"deposit":0.0,"depositData":{"b2cPrice":0.0,"b2bPrice":0.0},"vat":{"code":"vat-full-2","value":12.0,"type":"Percentage"},"animalFoodData":{},"fromSweden":false,"availableOnline":true,"isMagazine":false,"nutrientBasis":{},"originCountry":{"code":"SWEDEN","value":"Sverige"},"replacementCountries":[{"code":"SWEDEN","value":"Sverige"},{"code":"SPAIN","value":"Spanien"}],"pharmaceuticalData":{"isPharmaceutical":false},"sustainabilityInfoApplicable":true},{"id":"7340011309772","type":"Product","ean":"7340011309772","name":"Morot Eko","manufacturerName":"Änglamark","imageUrl":"http://res.cloudinary.com/coopsverige/image/upload/v1556783412/371659.tiff","navCategories":[{"code":"32470","name":"Morötter","superCategories":[{"code":"32361","name":"Grönsaker","superCategories":[{"code":"16534","name":"Frukt & Grönsaker","superCategories":[]}]}]}],"accreditedTags":[{"code":"NYCKELHALET","description":"Nyckelhålet","imageUrl":"https://res.cloudinary.com/coopsverige/image/upload/v1618910221/cooponline/Labels%27/nyckelhal_RGB.png","priority":240},{"code":"EU_ORGANIC_FARMING","description":"EU Lövet","imageUrl":"https://res.cloudinary.com/coopsverige/image/upload/cooponline/produktmarkning/EUOrganicFarmingLogo.jpg","priority":180},{"code":"KRAV_MARK","description":"KRAV","imageUrl":"https://res.cloudinary.com/coopsverige/image/upload/v1750847718/cooponline/Icons/2025/krav-logo_z2ptpn.png","priority":100}],"packageSize":500.0,"packageSizeInformation":"500 g","packageSizeUnit":"Gram","salesPrice":13.95,"salesPriceData":{"b2cPrice":13.95,"b2bPrice":12.46},"piecePrice":13.95,"piecePriceData":{"b2cPrice":13.95,"b2bPrice":12.46},"salesUnit":"Styck","comparativePriceText":"kr/kg","comparativePriceUnit":{"unit":"kg","text":"kr/kg"},"comparativePrice":27.9,"comparativePriceData":{"b2cPrice":27.9,"b2bPrice":24.91},"articleSold":false,"deposit":0.0,"depositData":{"b2cPrice":0.0,"b2bPrice":0.0},"vat":{"code":"vat-full-2","value":12.0,"type":"Percentage"},"animalFoodData":{},"fromSweden":false,"availableOnline":true,"isMagazine":false,"nutrientBasis":{},"originCountry":{"code":"SWEDEN","value":"Sverige"},"replacementCountries":[],"class":"Klass 1","pharmaceuticalData":{"isPharmaceutical":false},"sustainabilityInfoApplicable":true},{"id":"7300156578877","type":"Product","ean":"7300156578877","name":"Champinjoner Eko","manufacturerName":"Änglamark","imageUrl":"http://res.cloudinary.com/coopsverige/image/upload/v1536908785/349770.tiff","navCategories":[{"code":"32474","name":"Svamp","superCategories":[{"code":"32361","name":"Grönsaker","superCategories":[{"code":"16534","name":"Frukt & Grönsaker","superCategories":[]}]}]}],"accreditedTags":[{"code":"EU_ORGANIC_FARMING","description":"EU Lövet","imageUrl":"https://res.cloudinary.com/coopsverige/image/upload/cooponline/produktmarkning/EUOrganicFarmingLogo.jpg","priority":180},{"code":"KRAV_MARK","description":"KRAV","imageUrl":"https://res.cloudinary.com/coopsverige/image/upload/v1750847718/cooponline/Icons/2025/krav-logo_z2ptpn.png","priority":100},{"code":"FRAN_SVERIGE","description":"Svenskt ursprung","imageUrl":"https://res.cloudinary.com/coopsverige/image/upload/v1545316510/cooponline/Labels'/40px/grafik-m-rkning-bild-stor-fr-n-sverige.png","priority":300}],"packageSize":200.0,"packageSizeInformation":"200 g","packageSizeUnit":"Gram","salesPrice":36.95,"salesPriceData":{"b2cPrice":36.95,"b2bPrice":32.99},"piecePrice":36.95,"piecePriceData":{"b2cPrice":36.95,"b2bPrice":32.99},"salesUnit":"Styck","comparativePriceText":"kr/kg","comparativePriceUnit":{"unit":"kg","text":"kr/kg"},"comparativePrice":184.75,"comparativePriceData":{"b2cPrice":184.75,"b2bPrice":164.96},"articleSold":false,"deposit":0.0,"depositData":{"b2cPrice":0.0,"b2bPrice":0.0},"vat":{"code":"vat-full-2","value":12.0,"type":"Percentage"},"animalFoodData":{},"fromSweden":true,"availableOnline":true,"countryOfOriginCodes":[{"code":"752","value":"Sverige"}],"isMagazine":false,"nutrientBasis":{},"originCountry":{"code":"SWEDEN","value":"Sverige"},"replacementCountries":[],"pharmaceuticalData":{"isPharmaceutical":false},"sustainabilityInfo":[{"productScore":[{"score":1.0,"param":"Biologisk mångfald","paramId":"biodiversity"},{"score":2.0,"param":"Klimat","paramId":"climate"},{"score":1.0,"param":"Bördighet","paramId":"soil_fertility"},{"score":1.0,"param":"Vatten","paramId":"water"},{"score":1.0,"param":"Bekämpningsmedel","paramId":"pesticides"},{"score":1.0,"param":"Övergödning","paramId":"eutrophication"},{"score":null,"param":"Djuromsorg och antibiotika","paramId":"animal_welfare_antibiotics"},{"score":1.0,"param":"Arbetsförhållanden","paramId":"working_conditions"},{"score":1.0,"param":"Lokalbefolkning","paramId":"local_population"},{"score":1.0,"param":"Lagefterlevnad och spårbarhet","paramId":"compliance_traceability"}]}],"sustainabilityInfoApplicable":true},{"id":"7340011406983","type":"Product","ean":"7340011406983","name":"Rosmarin Kruka Eko","manufacturerName":"Änglamark","imageUrl":"http://res.cloudinary.com/coopsverige/image/upload/v1634124347/cloud/236498.tiff","navCategories":[{"code":"334462","name":"Färska örter & Smaksättare","superCategories":[{"code":"32361","name":"Grönsaker","superCategories":[{"code":"16534","name":"Frukt & Grönsaker","superCategories":[]}]}]}],"accreditedTags":[{"code":"NYCKELHALET","description":"Nyckelhålet","imageUrl":"https://res.cloudinary.com/coopsverige/image/upload/v1618910221/cooponline/Labels%27/nyckelhal_RGB.png","priority":240},{"code":"EU_ORGANIC_FARMING","description":"EU Lövet","imageUrl":"https://res.cloudinary.com/coopsverige/image/upload/cooponline/produktmarkning/EUOrganicFarmingLogo.jpg","priority":180},{"code":"KRAV_MARK","description":"KRAV","imageUrl":"https://res.cloudinary.com/coopsverige/image/upload/v1750847718/cooponline/Icons/2025/krav-logo_z2ptpn.png","priority":100}],"packageSize":35.0,"packageSizeInformation":"35 g","packageSizeUnit":"Gram","salesPrice":34.95,"salesPriceData":{"b2cPrice":34.95,"b2bPrice":31.21},"piecePrice":34.95,"piecePriceData":{"b2cPrice":34.95,"b2bPrice":31.21},"salesUnit":"Styck","comparativePriceText":"kr/kg","comparativePriceUnit":{"unit":"kg","text":"kr/kg"},"comparativePrice":998.57,"comparativePriceData":{"b2cPrice":998.57,"b2bPrice":891.58},"articleSold":false,"deposit":0.0,"depositData":{"b2cPrice":0.0,"b2bPrice":0.0},"vat":{"code":"vat-full-2","value":12.0,"type":"Percentage"},"animalFoodData":{},"fromSweden":false,"availableOnline":true,"isMagazine":false,"nutrientBasis":{},"originCountry":{"code":"SWEDEN","value":"Sverige"},"replacementCountries":[],"pharmaceuticalData":{"isPharmaceutical":false},"sustainabilityInfoApplicable":true},{"id":"7300156599834","type":"Product","ean":"7300156599834","name":"Mynta","manufacturerName":"COOP","imageUrl":"http://res.cloudinary.com/coopsverige/image/upload/v1749110559/cloud/486708.jpg","navCategories":[{"code":"334462","name":"Färska örter & Smaksättare","superCategories":[{"code":"32361","name":"Grönsaker","superCategories":[{"code":"16534","name":"Frukt & Grönsaker","superCategories":[]}]}]}],"packageSize":25.0,"packageSizeInformation":"25 g","packageSizeUnit":"Gram","salesPrice":14.95,"salesPriceData":{"b2cPrice":14.95,"b2bPrice":13.35},"piecePrice":14.95,"piecePriceData":{"b2cPrice":14.95,"b2bPrice":13.35},"salesUnit":"Styck","comparativePriceText":"kr/kg","comparativePriceUnit":{"unit":"kg","text":"kr/kg"},"comparativePrice":598.0,"comparativePriceData":{"b2cPrice":598.0,"b2bPrice":533.93},"articleSold":false,"deposit":0.0,"depositData":{"b2cPrice":0.0,"b2bPrice":0.0},"vat":{"code":"vat-full-2","value":12.0,"type":"Percentage"},"animalFoodData":{},"onlinePromotions":[{"id":"016001_36110","price":22.0,"priceData":{"b2cPrice":22.0,"b2bPrice":19.64},"startDate":"2025-08-31T22:00:00Z","endDate":"2025-09-07T22:00:00Z","message":"KRYDDOR 2 FÖR 22 KR-2 för 22:-","type":"MULTI_BUY_FIXED_PRICE","numberOfProductRequired":2,"medMeraRequired":false,"priority":910,"comparativePrice":{"b2cPrice":440.0,"b2bPrice":392.86},"higherThanHistoricalPrice":false}],"fromSweden":false,"availableOnline":true,"isMagazine":false,"nutrientBasis":{},"originCountry":{"code":"SPAIN","value":"Spanien"},"replacementCountries":[],"pharmaceuticalData":{"isPharmaceutical":false},"sustainabilityInfoApplicable":true},{"id":"7340011406969","type":"Product","ean":"7340011406969","name":"Oregano Eko Kruka","manufacturerName":"Änglamark","imageUrl":"http://res.cloudinary.com/coopsverige/image/upload/v1634124330/cloud/236495.tiff","navCategories":[{"code":"334462","name":"Färska örter & Smaksättare","superCategories":[{"code":"32361","name":"Grönsaker","superCategories":[{"code":"16534","name":"Frukt & Grönsaker","superCategories":[]}]}]}],"accreditedTags":[{"code":"NYCKELHALET","description":"Nyckelhålet","imageUrl":"https://res.cloudinary.com/coopsverige/image/upload/v1618910221/cooponline/Labels%27/nyckelhal_RGB.png","priority":240},{"code":"EU_ORGANIC_FARMING","description":"EU Lövet","imageUrl":"https://res.cloudinary.com/coopsverige/image/upload/cooponline/produktmarkning/EUOrganicFarmingLogo.jpg","priority":180},{"code":"KRAV_MARK","description":"KRAV","imageUrl":"https://res.cloudinary.com/coopsverige/image/upload/v1750847718/cooponline/Icons/2025/krav-logo_z2ptpn.png","priority":100}],"packageSize":35.0,"packageSizeInformation":"35 g","packageSizeUnit":"Gram","salesPrice":21.95,"salesPriceData":{"b2cPrice":21.95,"b2bPrice":19.6},"piecePrice":21.95,"piecePriceData":{"b2cPrice":21.95,"b2bPrice":19.6},"salesUnit":"Styck","comparativePriceText":"kr/kg","comparativePriceUnit":{"unit":"kg","text":"kr/kg"},"comparativePrice":627.14,"comparativePriceData":{"b2cPrice":627.14,"b2bPrice":559.95},"articleSold":false,"deposit":0.0,"depositData":{"b2cPrice":0.0,"b2bPrice":0.0},"vat":{"code":"vat-full-2","value":12.0,"type":"Percentage"},"animalFoodData":{},"fromSweden":false,"availableOnline":true,"isMagazine":false,"nutrientBasis":{},"originCountry":{"code":"SWEDEN","value":"Sverige"},"replacementCountries":[],"pharmaceuticalData":{"isPharmaceutical":false},"sustainabilityInfoApplicable":true},{"id":"7340011406952","type":"Product","ean":"7340011406952","name":"Citronmeliss Eko","manufacturerName":"Änglamark","imageUrl":"http://res.cloudinary.com/coopsverige/image/upload/v1634124297/cloud/236491.tiff","navCategories":[{"code":"334462","name":"Färska örter & Smaksättare","superCategories":[{"code":"32361","name":"Grönsaker","superCategories":[{"code":"16534","name":"Frukt & Grönsaker","superCategories":[]}]}]}],"accreditedTags":[{"code":"NYCKELHALET","description":"Nyckelhålet","imageUrl":"https://res.cloudinary.com/coopsverige/image/upload/v1618910221/cooponline/Labels%27/nyckelhal_RGB.png","priority":240},{"code":"EU_ORGANIC_FARMING","description":"EU Lövet","imageUrl":"https://res.cloudinary.com/coopsverige/image/upload/cooponline/produktmarkning/EUOrganicFarmingLogo.jpg","priority":180},{"code":"KRAV_MARK","description":"KRAV","imageUrl":"https://res.cloudinary.com/coopsverige/image/upload/v1750847718/cooponline/Icons/2025/krav-logo_z2ptpn.png","priority":100}],"packageSize":35.0,"packageSizeInformation":"35 g","packageSizeUnit":"Gram","salesPrice":21.95,"salesPriceData":{"b2cPrice":21.95,"b2bPrice":19.6},"piecePrice":21.95,"piecePriceData":{"b2cPrice":21.95,"b2bPrice":19.6},"salesUnit":"Styck","comparativePriceText":"kr/kg","comparativePriceUnit":{"unit":"kg","text":"kr/kg"},"comparativePrice":627.14,"comparativePriceData":{"b2cPrice":627.14,"b2bPrice":559.95},"articleSold":false,"deposit":0.0,"depositData":{"b2cPrice":0.0,"b2bPrice":0.0},"vat":{"code":"vat-full-2","value":12.0,"type":"Percentage"},"animalFoodData":{},"fromSweden":false,"availableOnline":true,"isMagazine":false,"nutrientBasis":{},"originCountry":{"code":"SWEDEN","value":"Sverige"},"replacementCountries":[],"pharmaceuticalData":{"isPharmaceutical":false},"sustainabilityInfoApplicable":true},{"id":"7340007901720","type":"Product","ean":"7340007901720","name":"Bönor","imageUrl":"http://res.cloudinary.com/coopsverige/image/upload/v1725957920/cloud/384498.jpg","navCategories":[{"code":"32422","name":"Bönor & Ärtor","superCategories":[{"code":"32361","name":"Grönsaker","superCategories":[{"code":"16534","name":"Frukt & Grönsaker","superCategories":[]}]}]}],"packageSize":150.0,"packageSizeInformation":"150 g","packageSizeUnit":"Gram","salesPrice":33.95,"salesPriceData":{"b2cPrice":33.95,"b2bPrice":30.31},"piecePrice":33.95,"piecePriceData":{"b2cPrice":33.95,"b2bPrice":30.31},"salesUnit":"Styck","comparativePriceText":"kr/kg","comparativePriceUnit":{"unit":"kg","text":"kr/kg"},"comparativePrice":226.33,"comparativePriceData":{"b2cPrice":226.33,"b2bPrice":202.08},"articleSold":false,"deposit":0.0,"depositData":{"b2cPrice":0.0,"b2bPrice":0.0},"vat":{"code":"vat-full-2","value":12.0,"type":"Percentage"},"animalFoodData":{},"fromSweden":false,"availableOnline":true,"isMagazine":false,"nutrientBasis":{},"originCountry":{"code":"GUATEMALA","value":"Guatemala"},"replacementCountries":[],"variety":"Sugarsnaps","class":"Klass 1","pharmaceuticalData":{"isPharmaceutical":false},"sustainabilityInfo":[{"productScore":[{"score":2.0,"param":"Biologisk mångfald","paramId":"biodiversity"},{"score":3.0,"param":"Klimat","paramId":"climate"},{"score":2.0,"param":"Bördighet","paramId":"soil_fertility"},{"score":2.0,"param":"Vatten","paramId":"water"},{"score":2.0,"param":"Bekämpningsmedel","paramId":"pesticides"},{"score":2.0,"param":"Övergödning","paramId":"eutrophication"},{"score":null,"param":"Djuromsorg och antibiotika","paramId":"animal_welfare_antibiotics"},{"score":5.0,"param":"Arbetsförhållanden","paramId":"working_conditions"},{"score":4.0,"param":"Lokalbefolkning","paramId":"local_population"},{"score":5.0,"param":"Lagefterlevnad och spårbarhet","paramId":"compliance_traceability"}]}],"sustainabilityInfoApplicable":true},{"id":"7340011406921","type":"Product","ean":"7340011406921","name":"Dragon Kruka Eko ","manufacturerName":"Änglamark","imageUrl":"http://res.cloudinary.com/coopsverige/image/upload/v1634124287/cloud/236490.tiff","navCategories":[{"code":"334462","name":"Färska örter & Smaksättare","superCategories":[{"code":"32361","name":"Grönsaker","superCategories":[{"code":"16534","name":"Frukt & Grönsaker","superCategories":[]}]}]}],"accreditedTags":[{"code":"NYCKELHALET","description":"Nyckelhålet","imageUrl":"https://res.cloudinary.com/coopsverige/image/upload/v1618910221/cooponline/Labels%27/nyckelhal_RGB.png","priority":240},{"code":"EU_ORGANIC_FARMING","description":"EU Lövet","imageUrl":"https://res.cloudinary.com/coopsverige/image/upload/cooponline/produktmarkning/EUOrganicFarmingLogo.jpg","priority":180},{"code":"KRAV_MARK","description":"KRAV","imageUrl":"https://res.cloudinary.com/coopsverige/image/upload/v1750847718/cooponline/Icons/2025/krav-logo_z2ptpn.png","priority":100}],"packageSize":35.0,"packageSizeInformation":"35 g","packageSizeUnit":"Gram","salesPrice":34.95,"salesPriceData":{"b2cPrice":34.95,"b2bPrice":31.21},"piecePrice":34.95,"piecePriceData":{"b2cPrice":34.95,"b2bPrice":31.21},"salesUnit":"Styck","comparativePriceText":"kr/kg","comparativePriceUnit":{"unit":"kg","text":"kr/kg"},"comparativePrice":998.57,"comparativePriceData":{"b2cPrice":998.57,"b2bPrice":891.58},"articleSold":false,"deposit":0.0,"depositData":{"b2cPrice":0.0,"b2bPrice":0.0},"vat":{"code":"vat-full-2","value":12.0,"type":"Percentage"},"animalFoodData":{},"fromSweden":false,"availableOnline":true,"isMagazine":false,"nutrientBasis":{},"originCountry":{"code":"SWEDEN","value":"Sverige"},"replacementCountries":[],"pharmaceuticalData":{"isPharmaceutical":false},"sustainabilityInfoApplicable":true},{"id":"7300156586629","type":"Product","ean":"7300156586629","name":"Rödbeta Förkokt Eko","manufacturerName":"Änglamark","imageUrl":"http://res.cloudinary.com/coopsverige/image/upload/v1581666585/393342.tiff","navCategories":[{"code":"32472","name":"Övriga Rotfrukter","superCategories":[{"code":"32361","name":"Grönsaker","superCategories":[{"code":"16534","name":"Frukt & Grönsaker","superCategories":[]}]}]}],"accreditedTags":[{"code":"NYCKELHALET","description":"Nyckelhålet","imageUrl":"https://res.cloudinary.com/coopsverige/image/upload/v1618910221/cooponline/Labels%27/nyckelhal_RGB.png","priority":240},{"code":"EU_ORGANIC_FARMING","description":"EU Lövet","imageUrl":"https://res.cloudinary.com/coopsverige/image/upload/cooponline/produktmarkning/EUOrganicFarmingLogo.jpg","priority":180},{"code":"KRAV_MARK","description":"KRAV","imageUrl":"https://res.cloudinary.com/coopsverige/image/upload/v1750847718/cooponline/Icons/2025/krav-logo_z2ptpn.png","priority":100}],"packageSize":500.0,"packageSizeInformation":"500 g","packageSizeUnit":"Gram","salesPrice":18.95,"salesPriceData":{"b2cPrice":18.95,"b2bPrice":16.92},"piecePrice":18.95,"piecePriceData":{"b2cPrice":18.95,"b2bPrice":16.92},"salesUnit":"Styck","comparativePriceText":"kr/kg","comparativePriceUnit":{"unit":"kg","text":"kr/kg"},"comparativePrice":37.9,"comparativePriceData":{"b2cPrice":37.9,"b2bPrice":33.84},"articleSold":false,"deposit":0.0,"depositData":{"b2cPrice":0.0,"b2bPrice":0.0},"vat":{"code":"vat-full-2","value":12.0,"type":"Percentage"},"animalFoodData":{},"fromSweden":false,"availableOnline":true,"isMagazine":false,"nutrientBasis":{},"originCountry":{"code":"SWEDEN","value":"Sverige"},"replacementCountries":[],"class":"Klass 1","pharmaceuticalData":{"isPharmaceutical":false},"sustainabilityInfo":[{"productScore":[{"score":4.0,"param":"Biologisk mångfald","paramId":"biodiversity"},{"score":1.0,"param":"Klimat","paramId":"climate"},{"score":3.0,"param":"Bördighet","paramId":"soil_fertility"},{"score":1.0,"param":"Vatten","paramId":"water"},{"score":2.0,"param":"Bekämpningsmedel","paramId":"pesticides"},{"score":3.0,"param":"Övergödning","paramId":"eutrophication"},{"score":null,"param":"Djuromsorg och antibiotika","paramId":"animal_welfare_antibiotics"},{"score":2.0,"param":"Arbetsförhållanden","paramId":"working_conditions"},{"score":1.0,"param":"Lokalbefolkning","paramId":"local_population"},{"score":0.5,"param":"Lagefterlevnad och spårbarhet","paramId":"compliance_traceability"}]}],"sustainabilityInfoApplicable":true},{"id":"7300156593511","type":"Product","ean":"7300156593511","name":"Babyspenat Eko","manufacturerName":"Änglamark","description":"Babyspenat, 175g, KRAV, Ekologisk, Sköljd och färdig att äta","imageUrl":"http://res.cloudinary.com/coopsverige/image/upload/v1731424436/cloud/402881.tiff","listOfIngredients":"Babyspenat KRAV Ekologisk 100%","navCategories":[{"code":"334460","name":"Färdigskuret","superCategories":[{"code":"32361","name":"Grönsaker","superCategories":[{"code":"16534","name":"Frukt & Grönsaker","superCategories":[]}]}]}],"accreditedTags":[{"code":"NYCKELHALET","description":"Nyckelhålet","imageUrl":"https://res.cloudinary.com/coopsverige/image/upload/v1618910221/cooponline/Labels%27/nyckelhal_RGB.png","priority":240},{"code":"EU_ORGANIC_FARMING","description":"EU Lövet","imageUrl":"https://res.cloudinary.com/coopsverige/image/upload/cooponline/produktmarkning/EUOrganicFarmingLogo.jpg","priority":180},{"code":"KRAV_MARK","description":"KRAV","imageUrl":"https://res.cloudinary.com/coopsverige/image/upload/v1750847718/cooponline/Icons/2025/krav-logo_z2ptpn.png","priority":100}],"maxStorageTemperature":"4","packageSize":175.0,"packageSizeInformation":"175 g","packageSizeUnit":"Gram","salesPrice":27.95,"salesPriceData":{"b2cPrice":27.95,"b2bPrice":24.96},"piecePrice":27.95,"piecePriceData":{"b2cPrice":27.95,"b2bPrice":24.96},"salesUnit":"Styck","comparativePriceText":"kr/kg","comparativePriceUnit":{"unit":"kg","text":"kr/kg"},"comparativePrice":159.71,"comparativePriceData":{"b2cPrice":159.71,"b2bPrice":142.6},"articleSold":false,"deposit":0.0,"depositData":{"b2cPrice":0.0,"b2bPrice":0.0},"vat":{"code":"vat-full-2","value":12.0,"type":"Percentage"},"nutrientLinks":[{"amount":["24"],"description":"Energi","unit":"Kilokalori"},{"amount":["101"],"description":"Energi","unit":"Kilojoule"},{"amount":["0.5"],"description":"Fett","unit":"Gram"},{"amount":["0.1"],"description":"Varav mättat fett","unit":"Gram"},{"amount":["0.8"],"description":"Kolhydrat","unit":"Gram"},{"amount":["0.5"],"description":"Varav sockerarter","unit":"Gram"},{"amount":["3.3"],"description":"Protein","unit":"Gram"},{"amount":["0.25"],"description":"Salt","unit":"Gram"}],"animalFoodData":{},"fromSweden":false,"availableOnline":true,"countryOfOriginCodes":[{"code":"752","value":"Sverige"}],"consumerInstructions":{"storageInstructions":"Förvaring: Max +4 C"},"isMagazine":false,"nutrientBasis":{"quantity":100.0},"originCountry":{"code":"ITALY","value":"Italien"},"replacementCountries":[{"code":"SPAIN","value":"Spanien"}],"pharmaceuticalData":{"isPharmaceutical":false},"nutrientInformation":[{"header":{"nutrientBasisQuantity":100.0,"nutrientBasisQuantityType":"BY_MEASURE","nutrientBasisQuantityUnit":{"code":"GRM","value":"Gram"}}}],"sustainabilityInfoApplicable":true},{"id":"7300156599827","type":"Product","ean":"7300156599827","name":"Rosmarin","manufacturerName":"COOP","imageUrl":"http://res.cloudinary.com/coopsverige/image/upload/v1749109647/cloud/486705.jpg","navCategories":[{"code":"334462","name":"Färska örter & Smaksättare","superCategories":[{"code":"32361","name":"Grönsaker","superCategories":[{"code":"16534","name":"Frukt & Grönsaker","superCategories":[]}]}]}],"packageSize":20.0,"packageSizeInformation":"20 g","packageSizeUnit":"Gram","salesPrice":14.95,"salesPriceData":{"b2cPrice":14.95,"b2bPrice":13.35},"piecePrice":14.95,"piecePriceData":{"b2cPrice":14.95,"b2bPrice":13.35},"salesUnit":"Styck","comparativePriceText":"kr/kg","comparativePriceUnit":{"unit":"kg","text":"kr/kg"},"comparativePrice":747.5,"comparativePriceData":{"b2cPrice":747.5,"b2bPrice":667.41},"articleSold":false,"deposit":0.0,"depositData":{"b2cPrice":0.0,"b2bPrice":0.0},"vat":{"code":"vat-full-2","value":12.0,"type":"Percentage"},"animalFoodData":{},"fromSweden":false,"availableOnline":true,"isMagazine":false,"nutrientBasis":{},"originCountry":{"code":"ITALY","value":"Italien"},"replacementCountries":[],"pharmaceuticalData":{"isPharmaceutical":false},"sustainabilityInfoApplicable":true},{"id":"7300156503626","type":"Product","ean":"7300156503626","name":"Kastanjechampinjoner Eko ","manufacturerName":"Änglamark","imageUrl":"http://res.cloudinary.com/coopsverige/image/upload/v1542971660/355108.tiff","navCategories":[{"code":"32474","name":"Svamp","superCategories":[{"code":"32361","name":"Grönsaker","superCategories":[{"code":"16534","name":"Frukt & Grönsaker","superCategories":[]}]}]}],"accreditedTags":[{"code":"EU_ORGANIC_FARMING","description":"EU Lövet","imageUrl":"https://res.cloudinary.com/coopsverige/image/upload/cooponline/produktmarkning/EUOrganicFarmingLogo.jpg","priority":180},{"code":"KRAV_MARK","description":"KRAV","imageUrl":"https://res.cloudinary.com/coopsverige/image/upload/v1750847718/cooponline/Icons/2025/krav-logo_z2ptpn.png","priority":100},{"code":"FRAN_SVERIGE","description":"Svenskt ursprung","imageUrl":"https://res.cloudinary.com/coopsverige/image/upload/v1545316510/cooponline/Labels'/40px/grafik-m-rkning-bild-stor-fr-n-sverige.png","priority":300}],"packageSize":200.0,"packageSizeInformation":"200 g","packageSizeUnit":"Gram","salesPrice":39.95,"salesPriceData":{"b2cPrice":39.95,"b2bPrice":35.67},"piecePrice":39.95,"piecePriceData":{"b2cPrice":39.95,"b2bPrice":35.67},"salesUnit":"Styck","comparativePriceText":"kr/kg","comparativePriceUnit":{"unit":"kg","text":"kr/kg"},"comparativePrice":199.75,"comparativePriceData":{"b2cPrice":199.75,"b2bPrice":178.35},"articleSold":false,"deposit":0.0,"depositData":{"b2cPrice":0.0,"b2bPrice":0.0},"vat":{"code":"vat-full-2","value":12.0,"type":"Percentage"},"animalFoodData":{},"fromSweden":true,"availableOnline":true,"isMagazine":false,"nutrientBasis":{},"originCountry":{"code":"SWEDEN","value":"Sverige"},"replacementCountries":[],"pharmaceuticalData":{"isPharmaceutical":false},"sustainabilityInfo":[{"productScore":[{"score":1.0,"param":"Biologisk mångfald","paramId":"biodiversity"},{"score":2.0,"param":"Klimat","paramId":"climate"},{"score":1.0,"param":"Bördighet","paramId":"soil_fertility"},{"score":1.0,"param":"Vatten","paramId":"water"},{"score":1.0,"param":"Bekämpningsmedel","paramId":"pesticides"},{"score":1.0,"param":"Övergödning","paramId":"eutrophication"},{"score":null,"param":"Djuromsorg och antibiotika","paramId":"animal_welfare_antibiotics"},{"score":1.0,"param":"Arbetsförhållanden","paramId":"working_conditions"},{"score":1.0,"param":"Lokalbefolkning","paramId":"local_population"},{"score":1.0,"param":"Lagefterlevnad och spårbarhet","paramId":"compliance_traceability"}]}],"sustainabilityInfoApplicable":true},{"id":"7300190832607","type":"Product","ean":"7300190832607","name":"Palsternacka Eko","manufacturerName":"Änglamark","imageUrl":"http://res.cloudinary.com/coopsverige/image/upload/v1630151233/cloud/76645.tiff","navCategories":[{"code":"32472","name":"Övriga Rotfrukter","superCategories":[{"code":"32361","name":"Grönsaker","superCategories":[{"code":"16534","name":"Frukt & Grönsaker","superCategories":[]}]}]}],"accreditedTags":[{"code":"EU_ORGANIC_FARMING","description":"EU Lövet","imageUrl":"https://res.cloudinary.com/coopsverige/image/upload/cooponline/produktmarkning/EUOrganicFarmingLogo.jpg","priority":180},{"code":"KRAV_MARK","description":"KRAV","imageUrl":"https://res.cloudinary.com/coopsverige/image/upload/v1750847718/cooponline/Icons/2025/krav-logo_z2ptpn.png","priority":100}],"packageSize":501.0,"packageSizeInformation":"501 g","packageSizeUnit":"Gram","salesPrice":29.95,"salesPriceData":{"b2cPrice":29.95,"b2bPrice":26.74},"piecePrice":29.95,"piecePriceData":{"b2cPrice":29.95,"b2bPrice":26.74},"salesUnit":"Styck","comparativePriceText":"kr/kg","comparativePriceUnit":{"unit":"kg","text":"kr/kg"},"comparativePrice":59.9,"comparativePriceData":{"b2cPrice":59.9,"b2bPrice":53.48},"articleSold":false,"deposit":0.0,"depositData":{"b2cPrice":0.0,"b2bPrice":0.0},"vat":{"code":"vat-full-2","value":12.0,"type":"Percentage"},"animalFoodData":{},"fromSweden":false,"availableOnline":true,"isMagazine":false,"nutrientBasis":{},"originCountry":{"code":"SWEDEN","value":"Sverige"},"replacementCountries":[],"class":"Klass 1","pharmaceuticalData":{"isPharmaceutical":false},"sustainabilityInfo":[{"productScore":[{"score":1.0,"param":"Biologisk mångfald","paramId":"biodiversity"},{"score":1.0,"param":"Klimat","paramId":"climate"},{"score":1.0,"param":"Bördighet","paramId":"soil_fertility"},{"score":1.5,"param":"Vatten","paramId":"water"},{"score":1.0,"param":"Bekämpningsmedel","paramId":"pesticides"},{"score":1.0,"param":"Övergödning","paramId":"eutrophication"},{"score":null,"param":"Djuromsorg och antibiotika","paramId":"animal_welfare_antibiotics"},{"score":1.0,"param":"Arbetsförhållanden","paramId":"working_conditions"},{"score":1.0,"param":"Lokalbefolkning","paramId":"local_population"},{"score":1.0,"param":"Lagefterlevnad och spårbarhet","paramId":"compliance_traceability"}]}],"sustainabilityInfoApplicable":true}]}}
---
{"results":{"count":200,"facets":[{"name":"brand","items":[{"item":"COOP","count":46,"selected":false},{"item":"Änglamark","count":32,"selected":false},{"item":"Dole","count":3,"selected":false},{"item":"Andreas Uppgård","count":2,"selected":false},{"item":"Steglinge","count":1,"selected":false},{"item":"SydGrönt","count":1,"selected":false},{"item":"Xtra","count":1,"selected":false}]},{"name":"environmentalLabels","items":[{"item":"Ekologiskt","count":39,"selected":false},{"item":"KRAV","count":33,"selected":false},{"item":"Nyckelhålet","count":17,"selected":false},{"item":"Svenskt ursprung","count":4,"selected":false},{"item":"Lokalt","count":2,"selected":false}]}],"items":[{"id":"7300190289876","type":"Product","ean":"7300190289876","name":"Rödbetor Eko","manufacturerName":"Änglamark","imageUrl":"http://res.cloudinary.com/coopsverige/image/upload/v1642152821/cloud/243000.tiff","navCategories":[{"code":"32472","name":"Övriga Rotfrukter","superCategories":[{"code":"32361","name":"Grönsaker","superCategories":[{"code":"16534","name":"Frukt & Grönsaker","superCategories":[]}]}]}],"accreditedTags":[{"code":"NYCKELHALET","description":"Nyckelhålet","imageUrl":"https://res.cloudinary.com/coopsverige/image/upload/v1618910221/cooponline/Labels%27/nyckelhal_RGB.png","priority":240},{"code":"EU_ORGANIC_FARMING","description":"EU Lövet","imageUrl":"https://res.cloudinary.com/coopsverige/image/upload/cooponline/produktmarkning/EUOrganicFarmingLogo.jpg","priority":180},{"code":"KRAV_MARK","description":"KRAV","imageUrl":"https://res.cloudinary.com/coopsverige/image/upload/v1750847718/cooponline/Icons/2025/krav-logo_z2ptpn.png","priority":100}],"packageSize":1000.0,"packageSizeInformation":"1000 g","packageSizeUnit":"Gram","salesPrice":32.95,"salesPriceData":{"b2cPrice":32.95,"b2bPrice":29.42},"piecePrice":32.95,"piecePriceData":{"b2cPrice":32.95,"b2bPrice":29.42},"salesUnit":"Styck","comparativePriceText":"kr/kg","comparativePriceUnit":{"unit":"kg","text":"kr/kg"},"comparativePrice":32.95,"comparativePriceData":{"b2cPrice":32.95,"b2bPrice":29.42},"articleSold":false,"deposit":0.0,"depositData":{"b2cPrice":0.0,"b2bPrice":0.0},"vat":{"code":"vat-full-2","value":12.0,"type":"Percentage"},"animalFoodData":{},"fromSweden":false,"availableOnline":true,"isMagazine":false,"nutrientBasis":{},"originCountry":{"code":"SWEDEN","value":"Sverige"},"replacementCountries":[],"class":"Klass 1","pharmaceuticalData":{"isPharmaceutical":false},"sustainabilityInfo":[{"productScore":[{"score":1.0,"param":"Biologisk mångfald","paramId":"biodiversity"},{"score":1.0,"param":"Klimat","paramId":"climate"},{"score":1.0,"param":"Bördighet","paramId":"soil_fertility"},{"score":1.5,"param":"Vatten","paramId":"water"},{"score":1.0,"param":"Bekämpningsmedel","paramId":"pesticides"},{"score":1.0,"param":"Övergödning","paramId":"eutrophication"},{"score":null,"param":"Djuromsorg och antibiotika","paramId":"animal_welfare_antibiotics"},{"score":1.0,"param":"Arbetsförhållanden","paramId":"working_conditions"},{"score":1.0,"param":"Lokalbefolkning","paramId":"local_population"},{"score":1.0,"param":"Lagefterlevnad och spårbarhet","paramId":"compliance_traceability"}]}],"sustainabilityInfoApplicable":true},{"id":"7300156506719","type":"Product","ean":"7300156506719","name":"Grönsakslåda","manufacturerName":"Coop","description":"Coops grönsakslåda innehåller minst 5 kg grönsaker. Innehållet kan variera efter säsong.","imageUrl":"http://res.cloudinary.com/coopsverige/image/upload/v1564046701/376799.jpg","listOfIngredients":"Innehåller: Morötter 500g - Sverige klass 1, Vitkål 500g - Sverige klass 1, Isbergsallad 1 st - Spanien klass 1, Lök gul 2st - Sverige klass 1, Lök röd 2st - Holland klass 1, Vitlök 2st - Kina klass 1, Citron 2st - Spanien klass 1, Babyleaf mix 65g påse - Italien/Spanien klass 1, Avokado 2st - Spanien/chile/Peru klass 1 , Gurka 2st - Spanien klass 1, Mix paprika 400g - Spanien klass 1 , Kvist tomater 10st - Spanien/Holland klass 1. Innehållet kan variera efter säsong.","navCategories":[{"code":"334455","name":"Grönsakslådor","superCategories":[{"code":"32361","name":"Grönsaker","superCategories":[{"code":"16534","name":"Frukt & Grönsaker","superCategories":[]}]}]}],"consumerInformationText":["Butikspackad"],"packageSize":5000.0,"packageSizeInformation":"5000 gram ungefärlig vikt","packageSizeUnit":"gram ungefärlig vikt","pieceWeight":5.0,"salesPrice":229.0,"salesPriceData":{"b2cPrice":229.0,"b2bPrice":204.46},"piecePrice":229.0,"piecePriceData":{"b2cPrice":229.0,"b2bPrice":204.46},"salesUnit":"Styck","comparativePriceText":"kr/kg","comparativePriceUnit":{"unit":"kg","text":"kr/kg"},"comparativePrice":45.8,"comparativePriceData":{"b2cPrice":45.8,"b2bPrice":40.89},"articleSold":false,"deposit":0.0,"depositData":{"b2cPrice":0.0,"b2bPrice":0.0},"vat":{"code":"vat-full-2","value":12.0,"type":"Percentage"},"animalFoodData":{},"fromSweden":false,"availableOnline":true,"isMagazine":false,"nutrientBasis":{},"pharmaceuticalData":{"isPharmaceutical":false},"sustainabilityInfoApplicable":true},{"id":"7300156503640","type":"Product","ean":"7300156503640","name":"Shiitake Eko","manufacturerName":"Änglamark","imageUrl":"http://res.cloudinary.com/coopsverige/image/upload/v1536909835/349771.tiff","navCategories":[{"code":"32474","name":"Svamp","superCategories":[{"code":"32361","name":"Grönsaker","superCategories":[{"code":"16534","name":"Frukt & Grönsaker","superCategories":[]}]}]}],"accreditedTags":[{"code":"EU_ORGANIC_FARMING","description":"EU Lövet","imageUrl":"https://res.cloudinary.com/coopsverige/image/upload/cooponline/produktmarkning/EUOrganicFarmingLogo.jpg","priority":180},{"code":"KRAV_MARK","description":"KRAV","imageUrl":"https://res.cloudinary.com/coopsverige/image/upload/v1750847718/cooponline/Icons/2025/krav-logo_z2ptpn.png","priority":100},{"code":"FRAN_SVERIGE","description":"Svenskt ursprung","imageUrl":"https://res.cloudinary.com/coopsverige/image/upload/v1545316510/cooponline/Labels'/40px/grafik-m-rkning-bild-stor-fr-n-sverige.png","priority":300}],"packageSize":155.0,"packageSizeInformation":"155 g","packageSizeUnit":"Gram","salesPrice":49.95,"salesPriceData":{"b2cPrice":49.95,"b2bPrice":44.6},"piecePrice":49.95,"piecePriceData":{"b2cPrice":49.95,"b2bPrice":44.6},"salesUnit":"Styck","comparativePriceText":"kr/kg","comparativePriceUnit":{"unit":"kg","text":"kr/kg"},"comparativePrice":333.0,"comparativePriceData":{"b2cPrice":333.0,"b2bPrice":297.32},"articleSold":false,"deposit":0.0,"depositData":{"b2cPrice":0.0,"b2bPrice":0.0},"vat":{"code":"vat-full-2","value":12.0,"type":"Percentage"},"animalFoodData":{},"fromSweden":true,"availableOnline":true,"isMagazine":false,"nutrientBasis":{},"originCountry":{"code":"SWEDEN","value":"Sverige"},"replacementCountries":[],"pharmaceuticalData":{"isPharmaceutical":false},"sustainabilityInfo":[{"productScore":[{"score":1.0,"param":"Biologisk mångfald","paramId":"biodiversity"},{"score":2.0,"param":"Klimat","paramId":"climate"},{"score":1.0,"param":"Bördighet","paramId":"soil_fertility"},{"score":1.0,"param":"Vatten","paramId":"water"},{"score":1.0,"param":"Bekämpningsmedel","paramId":"pesticides"},{"score":1.0,"param":"Övergödning","paramId":"eutrophication"},{"score":null,"param":"Djuromsorg och antibiotika","paramId":"animal_welfare_antibiotics"},{"score":1.0,"param":"Arbetsförhållanden","paramId":"working_conditions"},{"score":1.0,"param":"Lokalbefolkning","paramId":"local_population"},{"score":1.0,"param":"Lagefterlevnad och spårbarhet","paramId":"compliance_traceability"}]}],"sustainabilityInfoApplicable":true},{"id":"7300156503633","type":"Product","ean":"7300156503633","name":"Ostronskivling Eko","manufacturerName":"Änglamark","imageUrl":"http://res.cloudinary.com/coopsverige/image/upload/v1542971665/355110.tiff","navCategories":[{"code":"32474","name":"Svamp","superCategories":[{"code":"32361","name":"Grönsaker","superCategories":[{"code":"16534","name":"Frukt & Grönsaker","superCategories":[]}]}]}],"accreditedTags":[{"code":"EU_ORGANIC_FARMING","description":"EU Lövet","imageUrl":"https://res.cloudinary.com/coopsverige/image/upload/cooponline/produktmarkning/EUOrganicFarmingLogo.jpg","priority":180},{"code":"KRAV_MARK","description":"KRAV","imageUrl":"https://res.cloudinary.com/coopsverige/image/upload/v1750847718/cooponline/Icons/2025/krav-logo_z2ptpn.png","priority":100},{"code":"FRAN_SVERIGE","description":"Svenskt ursprung","imageUrl":"https://res.cloudinary.com/coopsverige/image/upload/v1545316510/cooponline/Labels'/40px/grafik-m-rkning-bild-stor-fr-n-sverige.png","priority":300}],"packageSize":155.0,"packageSizeInformation":"155 g","packageSizeUnit":"Gram","salesPrice":39.95,"salesPriceData":{"b2cPrice":39.95,"b2bPrice":35.67},"piecePrice":39.95,"piecePriceData":{"b2cPrice":39.95,"b2bPrice":35.67},"salesUnit":"Styck","comparativePriceText":"kr/kg","comparativePriceUnit":{"unit":"kg","text":"kr/kg"},"comparativePrice":266.33,"comparativePriceData":{"b2cPrice":266.33,"b2bPrice":237.79},"articleSold":false,"deposit":0.0,"depositData":{"b2cPrice":0.0,"b2bPrice":0.0},"vat":{"code":"vat-full-2","value":12.0,"type":"Percentage"},"animalFoodData":{},"fromSweden":true,"availableOnline":true,"isMagazine":false,"nutrientBasis":{},"originCountry":{"code":"SWEDEN","value":"Sverige"},"replacementCountries":[],"pharmaceuticalData":{"isPharmaceutical":false},"sustainabilityInfo":[{"productScore":[{"score":1.0,"param":"Biologisk mångfald","paramId":"biodiversity"},{"score":2.0,"param":"Klimat","paramId":"climate"},{"score":1.0,"param":"Bördighet","paramId":"soil_fertility"},{"score":1.0,"param":"Vatten","paramId":"water"},{"score":1.0,"param":"Bekämpningsmedel","paramId":"pesticides"},{"score":1.0,"param":"Övergödning","paramId":"eutrophication"},{"score":null,"param":"Djuromsorg och antibiotika","paramId":"animal_welfare_antibiotics"},{"score":1.0,"param":"Arbetsförhållanden","paramId":"working_conditions"},{"score":1.0,"param":"Lokalbefolkning","paramId":"local_population"},{"score":1.0,"param":"Lagefterlevnad och spårbarhet","paramId":"compliance_traceability"}]}],"sustainabilityInfoApplicable":true},{"id":"7350113360014","type":"Product","ean":"7350113360014","name":"Palsternacka Eko","manufacturerName":"Änglamark","imageUrl":"http://res.cloudinary.com/coopsverige/image/upload/v1636362932/cloud/178362.tiff","navCategories":[{"code":"32472","name":"Övriga Rotfrukter","superCategories":[{"code":"32361","name":"Grönsaker","superCategories":[{"code":"16534","name":"Frukt & Grönsaker","superCategories":[]}]}]}],"accreditedTags":[{"code":"NYCKELHALET","description":"Nyckelhålet","imageUrl":"https://res.cloudinary.com/coopsverige/image/upload/v1618910221/cooponline/Labels%27/nyckelhal_RGB.png","priority":240},{"code":"EU_ORGANIC_FARMING","description":"EU Lövet","imageUrl":"https://res.cloudinary.com/coopsverige/image/upload/cooponline/produktmarkning/EUOrganicFarmingLogo.jpg","priority":180},{"code":"KRAV_MARK","description":"KRAV","imageUrl":"https://res.cloudinary.com/coopsverige/image/upload/v1750847718/cooponline/Icons/2025/krav-logo_z2ptpn.png","priority":100}],"packageSize":500.0,"packageSizeInformation":"500 g","packageSizeUnit":"Gram","salesPrice":29.95,"salesPriceData":{"b2cPrice":29.95,"b2bPrice":26.74},"piecePrice":29.95,"piecePriceData":{"b2cPrice":29.95,"b2bPrice":26.74},"salesUnit":"Styck","comparativePriceText":"kr/kg","comparativePriceUnit":{"unit":"kg","text":"kr/kg"},"comparativePrice":59.9,"comparativePriceData":{"b2cPrice":59.9,"b2bPrice":53.48},"articleSold":false,"deposit":0.0,"depositData":{"b2cPrice":0.0,"b2bPrice":0.0},"vat":{"code":"vat-full-2","value":12.0,"type":"Percentage"},"animalFoodData":{},"fromSweden":false,"availableOnline":true,"isMagazine":false,"nutrientBasis":{},"originCountry":{"code":"SWEDEN","value":"Sverige"},"replacementCountries":[],"class":"Klass 1","pharmaceuticalData":{"isPharmaceutical":false},"sustainabilityInfo":[{"productScore":[{"score":1.0,"param":"Biologisk mångfald","paramId":"biodiversity"},{"score":1.0,"param":"Klimat","paramId":"climate"},{"score":1.0,"param":"Bördighet","paramId":"soil_fertility"},{"score":1.0,"param":"Vatten","paramId":"water"},{"score":1.0,"param":"Bekämpningsmedel","paramId":"pesticides"},{"score":1.0,"param":"Övergödning","paramId":"eutrophication"},{"score":null,"param":"Djuromsorg och antibiotika","paramId":"animal_welfare_antibiotics"},{"score":1.0,"param":"Arbetsförhållanden","paramId":"working_conditions"},{"score":1.0,"param":"Lokalbefolkning","paramId":"local_population"},{"score":1.0,"param":"Lagefterlevnad och spårbarhet","paramId":"compliance_traceability"}]}],"sustainabilityInfoApplicable":true},{"id":"7340007929496","type":"Product","ean":"7340007929496","name":"Classic Coleslaw","manufacturerName":"Dole","description":"Blanda den färska, färdigskurna kålen med den medföljande, krämiga dressingen. Ät tillsammans med exempelvis fågel, fisk eller kött. Förenklar matlagningen och sparar tid i köket. Chef's cut har i över 10 år levererat mat till storkök, restauranger och offentlig sektor. En stor del av vårt sortiment odlas och produceras hos två av Sveriges främsta odlare, Vidinge Grönt och Steglinge Gård. Tillsammans med dessa odlare ingår vi i företagsgruppen Dole Nordic. Som en del i Dole plc tillhör vi världens största leverantör av färskvaror.","imageUrl":"http://res.cloudinary.com/coopsverige/image/upload/v1723543584/cloud/377922.tiff","listOfIngredients":"Vitkål , Morot, Vatten, Rapsolja, ÄGG, Vinäger, Salt, SENAPSFRÖ, Vitlök, Chili, Konserveringsmedel (E202, E211)  Stabiliseringsmedel. (E415)","navCategories":[{"code":"334460","name":"Färdigskuret","superCategories":[{"code":"32361","name":"Grönsaker","superCategories":[{"code":"16534","name":"Frukt & Grönsaker","superCategories":[]}]}]}],"maxStorageTemperature":"6","packageSize":350.0,"packageSizeInformation":"350 g","packageSizeUnit":"Gram","salesPrice":24.95,"salesPriceData":{"b2cPrice":24.95,"b2bPrice":22.28},"piecePrice":24.95,"piecePriceData":{"b2cPrice":24.95,"b2bPrice":22.28},"salesUnit":"Styck","comparativePriceText":"kr/kg","comparativePriceUnit":{"unit":"kg","text":"kr/kg"},"comparativePrice":71.29,"comparativePriceData":{"b2cPrice":71.29,"b2bPrice":63.65},"articleSold":false,"deposit":0.0,"depositData":{"b2cPrice":0.0,"b2bPrice":0.0},"vat":{"code":"vat-full-2","value":12.0,"type":"Percentage"},"nutrientLinks":[{"amount":["128"],"description":"Energi","unit":"Kilokalori"},{"amount":["529"],"description":"Energi","unit":"Kilojoule"},{"amount":["9.5"],"description":"Fett","unit":"Gram"},{"amount":["0.8"],"description":"Varav mättat fett","unit":"Gram"},{"amount":["8.2"],"description":"Kolhydrat","unit":"Gram"},{"amount":["8"],"description":"Varav sockerarter","unit":"Gram"},{"amount":["7"],"description":"Protein","unit":"Gram"},{"amount":["0.75"],"description":"Salt","unit":"Gram"}],"animalFoodData":{},"fromSweden":false,"availableOnline":true,"countryOfOriginCodes":[{"code":"752","value":"Sverige"}],"shortTradeItemMarketingMessage":{"seq1":"Blanda den färska, färdigskurna kålen med den medföljande, krämiga dressingen. Ät tillsammans med exempelvis fågel, fisk eller kött. Förenklar matlagningen och sparar tid i köket."},"isMagazine":false,"nutrientBasis":{"quantity":100.0},"pharmaceuticalData":{"isPharmaceutical":false},"nutrientInformation":[{"header":{"nutrientBasisQuantity":100.0,"nutrientBasisQuantityType":"BY_MEASURE","nutrientBasisQuantityUnit":{"code":"GRM","value":"Gram"}}}],"sustainabilityInfoApplicable":true},{"id":"7331353900710","type":"Product","ean":"7331353900710","name":"Rödbetor Förkokta","manufacturerName":"Steglinge","description":"Skalade rödbetor. Förkokt i vaccumpåse.","imageUrl":"http://res.cloudinary.com/coopsverige/image/upload/v1624526578/229662.jpg","listOfIngredients":"Rödbeta 100%","navCategories":[{"code":"32472","name":"Övriga Rotfrukter","superCategories":[{"code":"32361","name":"Grönsaker","superCategories":[{"code":"16534","name":"Frukt & Grönsaker","superCategories":[]}]}]}],"maxStorageTemperature":"20","packageSize":500.0,"packageSizeInformation":"500 gram ungefärlig vikt","packageSizeUnit":"gram ungefärlig vikt","pieceWeight":0.5,"salesPrice":16.95,"salesPriceData":{"b2cPrice":16.95,"b2bPrice":15.13},"piecePrice":16.95,"piecePriceData":{"b2cPrice":16.95,"b2bPrice":15.13},"salesUnit":"Styck","comparativePriceText":"kr/kg","comparativePriceUnit":{"unit":"kg","text":"kr/kg"},"comparativePrice":33.9,"comparativePriceData":{"b2cPrice":33.9,"b2bPrice":30.27},"articleSold":false,"deposit":0.0,"depositData":{"b2cPrice":0.0,"b2bPrice":0.0},"vat":{"code":"vat-full-2","value":12.0,"type":"Percentage"},"nutrientLinks":[{"amount":["51"],"description":"Energi","unit":"Kilokalori"},{"amount":["212"],"description":"Energi","unit":"Kilojoule"},{"amount":["0.1"],"description":"Fett","unit":"Gram"},{"amount":["0.01"],"description":"Varav mättat fett","unit":"Gram"},{"amount":["9.8"],"description":"Kolhydrat","unit":"Gram"},{"amount":["9.4"],"description":"Varav sockerarter","unit":"Gram"},{"amount":["0.2"],"description":"Protein","unit":"Gram"},{"amount":["0.05"],"description":"Salt","unit":"Gram"}],"animalFoodData":{},"fromSweden":false,"availableOnline":true,"countryOfOriginCodes":[{"code":"752","value":"Sverige"}],"consumerInstructions":{"storageInstructions":"Kan förvaras i rumstemperatur. Öppnad förpackning förvaras i kylskåp max +8grader"},"preparationInstructions":"ca 2-3 minuter i sjudande vatten (utan förpackning)","preparationInstructionsList":["ca 2-3 minuter i sjudande vatten (utan förpackning)"],"isMagazine":false,"nutrientBasis":{"quantity":100.0},"originCountry":{"code":"SWEDEN","value":"Sverige"},"replacementCountries":[],"class":"Klass 1","pharmaceuticalData":{"isPharmaceutical":false},"nutrientInformation":[{"header":{"nutrientBasisQuantity":100.0,"nutrientBasisQuantityType":"BY_MEASURE","preparationState":{"code":"PREPARED","value":"Tillagad"},"nutrientBasisQuantityUnit":{"code":"GRM","value":"Gram"}}}],"sustainabilityInfo":[{"productScore":[{"score":4.0,"param":"Biologisk mångfald","paramId":"biodiversity"},{"score":1.0,"param":"Klimat","paramId":"climate"},{"score":3.0,"param":"Bördighet","paramId":"soil_fertility"},{"score":1.0,"param":"Vatten","paramId":"water"},{"score":2.0,"param":"Bekämpningsmedel","paramId":"pesticides"},{"score":3.0,"param":"Övergödning","paramId":"eutrophication"},{"score":null,"param":"Djuromsorg och antibiotika","paramId":"animal_welfare_antibiotics"},{"score":1.0,"param":"Arbetsförhållanden","paramId":"working_conditions"},{"score":1.0,"param":"Lokalbefolkning","paramId":"local_population"},{"score":1.0,"param":"Lagefterlevnad och spårbarhet","paramId":"compliance_traceability"}]}],"sustainabilityInfoApplicable":true},{"id":"7340007929472","type":"Product","ean":"7340007929472","name":"Asian Coleslaw","manufacturerName":"Dole","description":"Blanda den färska, färdigskurna kålen med den medföljande, krämiga chilidressingen. Ät tillsammans med exempelvis fågel, fisk eller kött. Förenklar matlagningen och sparar tid i köket. Chef's cut har i över 10 år levererat mat till storkök, restauranger och offentlig sektor. En stor del av vårt sortiment odlas och produceras hos två av Sveriges främsta odlare, Vidinge Grönt och Steglinge Gård. Tillsammans med dessa odlare ingår vi i företagsgruppen Dole Nordic. Som en del i Dole plc tillhör vi världens största leverantör av färskvaror.","imageUrl":"http://res.cloudinary.com/coopsverige/image/upload/v1732786948/cloud/409796.tiff","listOfIngredients":"Grönsaker:Blomkål , Rödkål, Grönkål\n\nDressing: Vatten, Vatten, SOJABÖNOR, Salt, Ättika , Rapsolja, Socker, SESAMOLJA, Ingefära, Citronsaft,","navCategories":[{"code":"334460","name":"Färdigskuret","superCategories":[{"code":"32361","name":"Grönsaker","superCategories":[{"code":"16534","name":"Frukt & Grönsaker","superCategories":[]}]}]}],"maxStorageTemperature":"6","packageSize":280.0,"packageSizeInformation":"280 g","packageSizeUnit":"Gram","salesPrice":29.95,"salesPriceData":{"b2cPrice":29.95,"b2bPrice":26.74},"piecePrice":29.95,"piecePriceData":{"b2cPrice":29.95,"b2bPrice":26.74},"salesUnit":"Styck","comparativePriceText":"kr/kg","comparativePriceUnit":{"unit":"kg","text":"kr/kg"},"comparativePrice":106.96,"comparativePriceData":{"b2cPrice":106.96,"b2bPrice":95.5},"articleSold":false,"deposit":0.0,"depositData":{"b2cPrice":0.0,"b2bPrice":0.0},"vat":{"code":"vat-full-2","value":12.0,"type":"Percentage"},"nutrientLinks":[{"amount":["80"],"description":"Energi","unit":"Kilokalori"},{"amount":["333"],"description":"Energi","unit":"Kilojoule"},{"amount":["4.9"],"description":"Fett","unit":"Gram"},{"amount":["0.5"],"description":"Varav mättat fett","unit":"Gram"},{"amount":["5.8"],"description":"Kolhydrat","unit":"Gram"},{"amount":["5.4"],"description":"Varav sockerarter","unit":"Gram"},{"amount":["1.8"],"description":"Protein","unit":"Gram"},{"amount":["0.80"],"description":"Salt","unit":"Gram"}],"animalFoodData":{},"fromSweden":false,"availableOnline":true,"countryOfOriginCodes":[{"code":"752","value":"Sverige"}],"shortTradeItemMarketingMessage":{"seq1":"Blanda den färska, färdigskurna kålen med den medföljande, krämiga chilidressingen. Ät tillsammans med exempelvis fågel, fisk eller kött. Förenklar matlagningen och sparar tid i köket."},"isMagazine":false,"nutrientBasis":{"quantity":100.0},"pharmaceuticalData":{"isPharmaceutical":false},"nutrientInformation":[{"header":{"nutrientBasisQuantity":100.0,"nutrientBasisQuantityType":"BY_MEASURE","nutrientBasisQuantityUnit":{"code":"GRM","value":"Gram"}}}],"sustainabilityInfoApplicable":true}]}}